2131 3573
443 72 820 140 rvoVUM
875 67 1457 128 ORGANUM.
1553 80 1674 141 251

272 190 631 257 XXXVIII.
680 186 1013 264 Sequuntur
1060 177 1324 262 quinque
1369 174 1626 238 Ordines
1690 176 1787 234 In-

170 283 510 362 stantiarum
536 325 553 354 ‚
598 295 735 355 quas
787 291 901 330 uno
942 266 1243 345 *vocabulo
1286 265 1538 349 generali
1570 263 1784 336 Instan-

179 375 297 435 tias
322 366 630 450 Lampadis
655 411 677 443 ,
707 357 822 421 five
848 355 1262 434 Informationis
1279 355 1471 437 primae
1497 400 1511 427 ‚
1539 352 1788 434 appella.

180 486 242 524 re
267 452 711 524 consuevimus,
760 453 858 508 Eae
907 446 1033 508 sunt
1081 467 1208 529 quae
1248 441 1609 504 auxiliantur
1655 442 1790 499 Sen-

183 550 306 614 sui.
353 551 508 608 Cum
531 536 691 602 enirn
740 535 935 597 omnis
958 534 1347 618 Interpretatio
1367 535 1599 591 Naturae
1649 525 1795 587 inci-

185 640 306 722 piat
354 657 384 694 a
409 630 632 712 Sensu3
680 647 856 710 atque
883 650 913 685 a
940 623 1217 685 Sensuum
1270 616 1745 705 perceptionibus
1769 666 1793 696 ‚

185 725 342 789 rebla
367 768 384 797 ,
433 715 717 782 constanti
754 764 770 789 ,
819 717 875 775 ὃ(
903 712 1131 774 munita
1184 709 1277 770 via
1306 758 1328 790 ‚
1373 710 1546 768 ducat
1573 706 1640 766 ad
1667 725 1797 787 per-

186 810 483 897 ceptiones
514 804 899 882 IntelleEtuS,
947 824 1074 884 quae
1124 798 1252 860 sunt
1295 795 1596 858 Notiones
1647 814 1798 853 vera:

183 907 243 965 &
267 897 601 962 Axiomata
653 919 668 956 ε
720 889 940 954 neceffe
965 889 1045 952 est
1072 937 1090 964 ‚
1138 908 1200 948 ut
1248 894 1469 972 quanto
1497 881 1682 967 magis
1709 902 1801 940 co-

182 987 355 1076 piosae
405 989 464 1049 &
511 983 735 1048 exaRae
782 979 1003 1043 fuerint
1049 974 1632 1063 repraesentationes,
1683 968 1801 1028 sive

186 1075 565 1163 praebitiones
615 1072 785 1154 ipsius
831 1069 1081 1145 Sensu8‚
1130 1086 1299 1128 tanto
1343 1062 1547 1126 omnia
1595 1059 1805 1121 cedant:

188 1165 424 1228 facilius
471 1165 529 1224 &
556 1160 789 1223 felicius
816 1202 831 1219 .

281 1255 514 1315 Harum
542 1268 736 1311 autem
762 1242 1022 1330 quinque
1046 1239 1442 1316 Instantiarum
1470 1232 1805 1320 Lampadis,

194 1341 410 1404 Primae
435 1340 719 1399 roborant
746 1381 763 1409 ‚
811 1331 1101 1413 ampliant
1127 1378 1144 1403 ‚
1184 1332 1243 1390 &
1270 1326 1601 1389 reffiificant
1627 1321 1810 1400 afflig)-

193 1454 294 1492 nes
318 1427 518 1488 Sensus
567 1419 938 1484 immediatas
990 1440 1003 1476 :
1054 1417 1327 1476 Secundae
1353 1416 1646 1475 deducunt
1671 1433 1812 1472 non-

196 1514 477 1582 Senfibile
524 1512 592 1572 ad
619 1504 899 1569 Senfibile
955 1528 969 1566 ε
1019 1502 1245 1565 Tertiae
1288 1500 1552 1562 indicant
1581 1499 1813 1560 Proces-

197 1607 287 1670 sus
311 1601 684 1666 continuatos
731 1595 847 1657 five
874 1590 1058 1654 Series
1108 1613 1306 1652 earum
1357 1613 1552 1651 rerum
1598 1589 1656 1648 8<
1690 1610 1813 1648 mo-

199 1716 365 1756 tuum
391 1741 410 1770 ‚
453 1712 578 1775 quae
629 1690 738 1770 (ut
767 1682 1137 1769 plurimum)
1190 1701 1305 1741 non
1333 1699 1614 1739 notantur
1640 1725 1657 1751 ,
1706 1673 1815 1735 nili

200 1783 265 1845 in
290 1780 461 1844 exitu
484 1801 581 1840 aut
610 1773 909 1859 periodis:
941 1774 1181 1849 Quartae
1208 1767 1435 1852 aliquid
1464 1765 1820 1827 substituunt

201 1868 400 1934 Sensui
453 1867 513 1930 in
564 1864 736 1931 meris
783 1857 1258 1923 destitutionibus
1321 1881 1334 1916 t
1375 1856 1619 1934 Quintae
1659 1852 1819 1915 exci-

203 1980 333 2024 tant
358 1955 748 2020 attentionem
777 1949 978 2012 Sensus
1027 1950 1082 2009 ἃ
1111 1946 1543 2008 advertentiam
1579 1991 1596 2020 ‚
1643 1964 1820 2025 atque

208 2071 322 2111 una
348 2045 612 2108 limitant
660 2039 1047 2104 subtilitatem
1077 2058 1268 2098 rerum
1294 2081 1311 2097 .
1363 2038 1455 2097 De
1480 2032 1571 2096 his
1620 2053 1818 2093 autem

212 2135 448 2221 singulis
502 2137 615 2216 jam
640 2130 953 2193 dicendum
1003 2127 1078 2186 est
1105 2172 1118 2186 .
1710 2168 1757 2204 ⁶

302 2225 594 2288 XXXIX.
625 2232 791 2289 Inter
820 2216 1234 2297 Praerogativas
1256 2211 1656 2287 Instantiarum
1683 2257 1698 2283 ,
1725 2231 1825 2287 po-

212 2337 418 2375 nemus
467 2312 601 2372 loco
638 2308 874 2372 decimo
922 2307 1084 2367 sexto
1128 2302 1434 2376 Instantius
1455 2308 1660 2379 sanuae
1710 2297 1823 2356 live

215 2410 393 2467 Portae
437 2424 462 2460 .·
511 2407 599 2463 Eo
627 2401 785 2461 enim
836 2395 1077 2457 nomine
1106 2416 1196 2452 eas
1244 2390 1647 2474 appellamus,
1697 2408 1825 2468 qua:

223 2495 426 2574 juvant
473 2489 735 2552 affliones
760 2485 960 2548 Sensus
1011 2480 1422 2546 immediatas,
1477 2487 1643 2542 Inter
1690 2478 1828 2535 Sen-

221 2581 309 2643 sus
356 2602 550 2642 autem
598 2575 966 2639 manifestum
1017 2571 1093 2632 est
1119 2591 1306 2654 partes
1357 2567 1582 2652 primas
1627 2584 1825 2644 tenere

225 2669 435 2731 Visum
463 2717 479 2744 ,
527 2668 718 2753 quoad
746 2659 1268 2727 informationem:
1297 2681 1481 2744 quare
1530 2653 1666 2714 huic
1692 2644 1853 2712 SenI‘

226 2756 311 2819 sui
360 2756 646 2840 praecipue
671 2754 889 2818 auxilia
941 2748 1381 2833 conquirenda.
1431 2740 1683 2807 Auxilia
1730 2761 1830 2800 au-

231 2867 350 2917 tem
375 2845 632 2931 triplicia
679 2844 789 2907 effe
816 2839 969 2928 poffe
1016 2839 1295 2903 videntur
1344 2860 1358 2898 τ
1409 2833 1547 2911 vel,
1598 2851 1660 2894 ut
1707 2849 1830 2924 ger-

1664 2940 1745 2979 ci-

1927 2495 2009 2619 f„
