2131 3573
1420 99 1499 166 ²3

28 244 218 291 mores
259 217 590 284 animorum
615 256 633 287 ,
679 226 744 270 ut
769 208 827 269 8<
852 199 1165 267 Veteribus
1207 197 1399 258 honor
1445 196 1503 257 8<
1529 214 1613 254 re·

27 310 296 379 verentia
335 303 556 370 intaeta
600 301 659 362 δε
696 294 1014 358 imminuta
1059 305 1330 353 maneant
1359 331 1375 360 ,
1424 285 1482 343 δε
1511 301 1619 342 nos

31 403 307 468 destinata
349 389 628 478 perficere
667 435 686 465 ‚
731 387 791 448 St
839 403 1036 445 tamen
1084 371 1375 440 modestiae
1422 369 1627 431 nostrae

35 492 287 555 fruaum
332 480 634 566 percipere
662 471 934 559 poffimus
960 519 976 536 .
1026 471 1191 532 Nam
1239 484 1345 525 nos
1371 507 1388 536 ‚
1439 456 1476 517 sl
1500 480 1630 541 pro-

41 580 335 647 fiteamur,
361 593 464 632 nos
492 566 737 629 meliora
761 563 973 625 afferre
998 578 1177 642 quam
1202 546 1429 634 antiqui
1458 594 1475 623 ,
1502 568 1632 606 ean-

42 672 172 734 dem
195 682 369 748 quam
397 657 483 719 illi
513 656 671 718 viam
698 650 934 738 ingreffi
960 673 982 734 3
1031 644 1189 708 nulla
1211 641 1525 704 verborum
1555 655 1639 694 ar-

46 780 102 821 te
125 753 350 817 efficere
376 745 651 832 poffimus
680 793 697 820 ,
747 740 891 827 quin
924 737 1232 800 inducatur
1257 725 1524 813 quaedam
1552 722 1642 784 in-

45 842 243 932 genii,
290 838 383 900 vel
409 833 820 910 excellentiae,
869 827 963 889 vel
1000 819 1296 886 facultatis
1342 833 1646 896 compara-

49 934 135 998 tio
158 980 178 1009 ,
224 927 340 991 sive
389 922 700 990 contentio
747 944 770 1006 3
818 941 934 981 non
982 938 1046 976 ea
1093 910 1336 996 quidem
1387 901 1600 966 illicita
1626 946 1646 976 ,

50 1042 148 1086 aut
171 1040 325 1084 nova
354 1040 376 1103 3
425 1011 677 1100 (quidni
708 1009 869 1073 enim
899 1002 1174 1091 poffirnus
1207 1048 1224 1075 ‚
1271 1017 1375 1081 pro
1405 993 1526 1074 jure
1553 1011 1651 1051 no-

51 1112 208 1185 str0,
259 1111 492 1189 (neque
539 1126 609 1164 ee
639 1100 762 1184 ipso
808 1098 927 1160 alio
954 1143 970 1171 ,
1020 1113 1199 1176 quam
1243 1080 1564 1159 omnium)
1617 1075 1658 1136 st

53 1198 194 1281 quid
240 1196 390 1276 apud
415 1215 511 1252 eos
555 1213 672 1250 non
700 1187 859 1248 reffle
904 1185 1220 1244 inventum
1261 1194 1358 1236 aut
1406 1167 1659 1254 positum

60 1287 126 1348 fit
153 1332 171 1359 ‚
219 1278 639 1363 reprehendere
670 1322 688 1349 ,
735 1292 831 1334 aut
861 1289 1064 1329 notare
1094 1270 1105 1326 Ξ
1135 1266 1154 1340 )
1204 1263 1296 1321 sed
1327 1281 1526 1320 tamen
1577 1275 1660 1316 ut-

63 1393 290 1454 cunque
339 1367 478 1447 justa
502 1384 601 1424 aut
647 1354 918 1441 permissa
945 1402 962 1420 .
1013 1347 1430 1412 Nihilominus
1476 1345 1667 1423 impar

63 1454 299 1525 fortafse
323 1450 515 1513 fuisset
565 1470 630 1508 ea
655 1444 775 1526 ipsa
800 1435 1106 1504 contentio
1132 1482 1149 1509 ‚
1195 1431 1272 1493 ob
1301 1431 1523 1490 virium
1571 1453 1669 1488 no-

68 1551 313 1613 strarum
340 1538 582 1600 modum
611 1580 628 1598 .
652 1537 876 1595 Verum
906 1547 1087 1612 quum
1116 1543 1213 1606 per
1238 1543 1342 1582 nos
1371 1516 1516 1579 illud
1542 1537 1672 1599 aga-

72 1659 210 1711 tur,
256 1628 457 1693 utalia
503 1622 761 1687 omnino
799 1617 898 1682 via
950 1609 1289 1677 intellectui
1337 1606 1672 1691 aperiatur,

74 1725 194 1790 illis
237 1721 528 1782 intentata
585 1715 642 1776 8<
709 1703 1022 1791 incognita
1052 1751 1068 1778 ‚
1140 1716 1508 1762 commutata
1558 1695 1677 1773 jam

77 1811 233 1876 ratio
256 1808 381 1892 est3
429 1803 644 1867 ceffant
683 1798 930 1861 studium
958 1796 1015 1855 δε
1062 1808 1249 1875 partes
1283 1810 1303 1871 3
1353 1784 1568 1866 nosque
1593 1783 1681 1843 in-

81 1901 233 1966 dicis
276 1890 692 1958 tantummodo
735 1883 1036 1969 personam
1083 1878 1425 1942 sustinemus
1456 1895 1484 1958 3
1525 1871 1683 1954 quod

86 1983 404 2054 mediocris
451 2000 605 2041 certe
645 1976 722 2037 est
748 1966 1124 2035 authoritatis
1150 2018 1167 2047 ‚
1217 1963 1547 2026 &fortunae
1596 1983 1691 2023 cu·-

94 2076 313 2164 jusdam
341 2069 534 2153 potius
561 2114 599 2142 ‚.
625 2085 801 2149 quarn
829 2056 1127 2120 facultatis
1173 2058 1227 2116 ἃ
1257 2045 1635 2114 excellentiae⁴
1677 2094 1691 2108 .

94 2171 307 2248 Atque
327 2158 452 2221 haec
496 2153 710 2217 moniti
737 2150 949 2236 species
977 2145 1044 2207 ad
1073 2144 1350 2205 Personas
1397 2134 1651 2222 pertinet
1676 2183 1705 2212 ,,

27 2266 31 2272 ’
99 2256 280 2319 altera
307 2249 378 2311 ad
403 2251 520 2308 Res
547 2241 695 2327 ipsas
721 2287 735 2305 .

191 2342 323 2405 Nos
348 2334 627 2419 liquidem
646 2332 717 2394 de
741 2321 1096 2391 deturbanda
1121 2342 1189 2381 ea*
1212 2371 1232 2401 ,
1271 2340 1396 2401 quae
1421 2337 1572 2378 nunc
1600 2308 1707 2373 flav

105 2449 193 2492 ret
221 2474 239 2504 ,
286 2421 674 2503 Philosophia
700 2469 718 2497 ,
765 2438 859 2479 aut
890 2413 923 2473 fi
951 2433 1075 2495 quae
1123 2408 1235 2471 alia
1263 2406 1326 2467 sit
1355 2456 1369 2481 ,
1419 2426 1517 2467 aut
1544 2403 1656 2464 erit
1682 2453 1704 2483 ,

111 2519 220 2582 hac
261 2510 629 2577 emendatior
653 2557 670 2585 ,
718 2527 816 2569 aut
863 2499 1091 2564 auctior
1116 2545 1132 2575 ,
1182 2494 1432 2558 minime
1477 2493 1705 2552 labora-

116 2627 243 2666 mus
266 2652 282 2667 .
333 2605 554 2685 Neque
576 2599 734 2660 enirn
773 2589 1067 2656 officimus
1089 2635 1107 2663 ,
1156 2586 1300 2671 quin
1329 2579 1712 2661 Philosophia

120 2692 225 2754 ista
247 2709 477 2775 recepta
504 2738 520 2766 ‚
571 2689 628 2749 8(
655 2684 782 2748 aliae
826 2681 883 2744 id
926 2698 1100 2763 genus
1125 2723 1146 2754 ,
1190 2670 1616 2756 disputationes.
1657 2690 1713 2728 a·

121 2780 246 2842 lant
272 2827 289 2853 ,
314 2782 641 2840 Sermones
664 2790 875 2835 ornent
904 2816 921 2843 ‚
969 2766 1037 2829 ad
1062 2761 1402 2850 professoria
1430 2780 1671 2819 munera
1697 2805 1717 2835 ‚

123 2870 184 2930 ὃς
212 2867 350 2930 vitae
396 2865 603 2929 civilis·
623 2857 968 2947 compendia
996 2906 1020 2941 ,
1063 2852 1448 2918 adhibeantur
1472 2896 1488 2926 ‚
1538 2848 1594 2904 &
1622 2869 1716 2909 va.

1114 2945 1165 3006 B
1253 2963 1295 3021 4
1559 2935 1636 2996 le·
