2131 3573
276 47 1542 129 NOVUMORGANUM.145

36 159 263 235 adesse,
309 158 626 224 ub1adest
672 159 811 219 Hoc
840 182 979 219 vero
1026 158 1335 221 infinitum
1383 161 1519 224 effet
1565 163 1631 226 in

35 250 353 317 omnibus.

126 343 339 423 Itaque
361 334 756 419 subjungenda
809 333 938 398 sunt
969 339 1265 421 Negativa
1311 340 1640 420 affirmati.

40 430 179 505 vis,
227 433 284 490 δε
335 423 705 489 Privationes
749 423 1123 510 inspiciendae
1152 450 1381 490 tantum
1430 430 1638 492 inillis

43 517 383 602 Subjeais,
420 536 548 599 quae
574 513 702 575 sunt
751 516 1009 578 maxime
1035 540 1285 602 cognata
1332 517 1451 580 illis
1498 519 1642 579 alte-

42 607 166 684 τῖε,
212 608 274 668 in
316 603 528 688 quibus
556 606 789 666 Natura
835 606 968 667 data
1014 607 1160 669 inest
1206 612 1263 671 ἃ
1292 629 1635 690 comparet.

38 699 216 772 Hanc
259 694 539 755 Tabulam
586 694 1023 773 declinationis,
1079 695 1195 760 five
1239 700 1530 780 Absentiae
1578 722 1638 757 m

37 787 287 869 proximo
304 830 325 861 ‚
369 780 663 868 appellare
690 784 1106 848 consuevimus
1129 837 1148 853 .

207 957 500 1034 Instantiae
539 963 600 1023 in
637 965 890 1047 proximo
916 1013 933 1041 ,
979 988 1109 1049 quae
1148 964 1460 1051 privantur

605 1075 810 1116 natura
835 1052 1037 1117 Calidi
1063 1101 1084 1118 .

184 1228 297 1290 Ad
339 1225 678 1301 Instantiam
714 1229 972 1312 primam·
1007 1227 1458 1311 Affirmativam
1483 1278 1498 1292 .

123 1410 308 1470 Lunae
336 1403 650 1465 Stellarum
675 1451 697 1480 ,
748 1405 806 1464 ὅ(
832 1408 1223 1466 Cometarum
1275 1406 1423 1467 radii
1453 1453 1469 1481 ,
1519 1429 1643 1470 non

38 1495 425 1559 inveniuntur
447 1491 624 1553 calidi
673 1492 745 1554 ad
772 1493 996 1555 tafflurn
1028 1517 1042 1555 ε
1089 1492 1426 1576 quinetiam
1453 1495 1646 1560 obser.

38 1585 166 1648 vari
194 1583 381 1646 solent
419 1580 713 1645 acerrima
734 1580 957 1668 frigora
1001 1581 1062 1643 in
1095 1583 1451 1648 pleniluniis
1477 1636 1495 1652 .

102 1851 396 1928 ⁴Instantia
435 1851 626 1935 prima
663 1848 965 1933 Negativa
1007 1854 1107 1913 vel
1146 1853 1579 1934 Subiunfiiva:

132 2034 222 2094 At
247 2028 438 2092 Stellae
467 2026 598 2092 fixae
644 2030 949 2113 MajoreS,
997 2033 1238 2118 quando
1281 2032 1380 2094 Sol
1424 2057 1517 2096 eas
1559 2033 1650 2097 su-

44 2118 137 2182 bit
162 2167 180 2196 ,
226 2120 424 2183 antiis
472 2119 925 2204 approximatur
951 2171 968 2198 ,
1015 2121 1426 2184 existimantur
1449 2122 1648 2185 fervo-

41 2231 135 2270 res
158 2208 312 2273 Solis
365 2232 574 2295 augere
600 2211 659 2271 δε
708 2207 1017 2272 intendere
1043 2236 1065 2297 3
1115 2235 1176 2273 ut
1204 2210 1268 2272 fit
1294 2235 1429 2274 cum
1457 2211 1555 2274 Sol
1583 2209 1653 2273 fi-

43 2297 215 2362 stitur
258 2299 319 2363 in
344 2303 550 2364 Leone
574 2347 597 2377 ,
637 2301 694 2362 8<
722 2301 948 2364 Diebus
973 2301 1426 2366 Canicularibus
1450 2352 1467 2368 .

437 2481 548 2542 Ad
586 2481 884 2561 secundam
907 2529 926 2559 ,
962 2482 1208 2563 secunda
1231 2532 1255 2548 ..

18 2644 21 2645 ⁷
74 2709 79 2713 .
141 2654 317 2718 Radii
344 2656 559 2721 Solis
537 2683 602 2723 m
630 2660 837 2725 Media
885 2662 1108 2746 (quam
1136 2657 1401 2741 vocant)
1433 2658 1647 2745 Regio-

51 2766 126 2809 ηε
155 2745 334 2808 Aeris
355 2771 475 2810 non
498 2747 902 2837 calefaciunt·
954 2753 1117 2833 cujus
1141 2749 1295 2812 ratio
1321 2774 1355 2810 v
1364 2750 1498 2835 ulgo
1525 2771 1647 2810 non

30 2832 213 2901 ‚male
240 2835 548 2923 redditur3
595 2841 733 2924 quia
763 2843 955 2928 Regio
1001 2840 1103 2904 illa
1127 2863 1233 2904 nec
1283 2841 1415 2904 satis
1441 2861 1651 2920 appro-

2 2932 47 3132 ,
1019 2934 1075 2990 K
1432 2928 1561 3014 pin
