2131 3573
425 100 793 161 NOVUM
848 103 1429 168 ORGANUM.
1538 109 1658 185 283

164 210 299 280 dam
347 212 525 275 etiam
574 212 632 272 in
683 209 972 272 Infufione
1022 214 1330 275 violarum
1384 217 1441 277 in
1492 222 1750 280 Acetum

169 302 396 384 experti
445 304 679 383 sumus;
732 301 826 360 ubi
873 304 1063 382 primo
1113 304 1411 387 excipitur
1458 306 1645 368 suavis
1691 309 1751 366 ὃ(

167 391 451 454 delicatus
474 386 666 449 Floris
713 390 858 449 odor
882 417 915 467 ‚·
966 390 1125 470 post,
1179 414 1302 473 pars
1330 396 1517 455 Horis
1568 391 1753 477 magis

163 501 399 560 terrea,
444 499 573 558 quae.
609 477 849 538 odorem
902 479 1212 541 confundit
1261 527 1274 540 .
1328 486 1528 565 itaque
1578 483 1615 542 fi
1665 484 1748 543 in-

162 569 474 631 fundantur
540 564 727 629 Vdolae
778 591 877 649 per
923 570 1077 629 diem
1149 569 1443 651 integrum
1496 622 1515 651 ,
1584 571 1753 633 Odor

166 657 353 718 multo
375 652 708 738 languidius
758 656 1099 738 excipitur.
1151 663 1313 742 quod
1358 657 1391 718 fi
1444 657 1753 721 infundan-

165 766 259 805 tur
304 765 401 824 per
425 763 645 825 partem
696 768 966 828 quartam
1016 746 1168 806 horae
1218 769 1448 808 tanturn
1480 798 1494 823 ‚
1545 751 1601 808 δε
1650 771 1748 810 ex-

165 831 514 915 trahantur;
561 835 617 892 &
670 834 855 917 (quia
906 858 1117 916 paucus
1146 836 1218 894 est
1271 835 1519 917 Spiritus
1545 839 1751 899 odora·

161 919 250 982 tus
295 918 668 1005 quisubfistit
717 922 776 983 in
807 922 1030 999 Viola)
1082 922 1466 985 infundantur
1493 926 1615 1007 post
1642 925 1748 986 fin-

157 1009 320 1094 gulas
368 1031 599 1094 quartas
626 1011 781 1073 'norae
834 1013 1023 1074 Violae
1073 1036 1235 1074 novae
1282 1018 1339 1076 ἃ
1369 1036 1628 1076 recentes
1676 1016 1744 1075 ad

156 1099 421 1173 sexies·;
468 1119 593 1158 tum
638 1101 874 1158 demum
927 1100 1281 1160 nobilitatur
1333 1100 1548 1162 infufio
1594 1151 1612 1177 ,
1659 1102 1744 1164 ita

160 1207 222 1247 ut
272 1185 548 1245 licetnon
603 1185 917 1246 manserint
945 1187 1175 1263 Violae,
1227 1210 1521 1273 utcunque
1570 1213 1742 1253 reno-

162 1293 349 1349 vatae‚
401 1272 523 1356 plus
549 1297 721 1356 quam
774 1278 841 1335 ad
881 1274 1321 1361 sesquihoramg
1373 1300 1570 1341 tamen
1618 1303 1752 1365 per-

166 1362 439 1422 manserit
463 1366 629 1421 Odor
676 1361 1071 1444 gratiffimus,
1124 1367 1179 1423 ὃ(
1233 1365 1408 1426 Viola
1461 1368 1579 1449 ipsa
1629 1393 1745 1431 non

156 1449 446 1525 inferior,
495 1450 562 1508 ad
609 1471 824 1508 annum
874 1448 1166 1532 integrum
1197 1499 1208 1510 .
1263 1455 1610 1516 Notandum
1661 1477 1746 1518 ta-

158 1562 291 1600 men
338 1538 455 1610 est,
505 1539 659 1619 quod
708 1560 823 1597 non
874 1537 926 1597 se
972 1538 1213 1621 colligat
1262 1540 1428 1601 Odor
1469 1542 1542 1603 ad
1592 1543 1746 1608 vires

152 1625 279 1688 suas
325 1626 519 1707 plenas
565 1675 581 1701 ‚
633 1624 734 1686 nisl
784 1625 904 1710 post
955 1628 1207 1688 mensem
1258 1631 1329 1689 ab
1379 1629 1680 1695 infusione
1725 1681 1740 1697 .

155 1720 226 1775 ln
276 1714 773 1777 Distillationibus
824 1737 964 1776 vero
1008 1720 1365 1778 Aromatum
1415 1742 1742 1784 macerato-

151 1826 284 1875 rum
333 1804 622 1888 inspiritu
672 1803 795 1863 vini
845 1825 1044 1887 patet,
1093 1808 1246 1889 quod
1296 1807 1490 1891 surgat
1541 1810 1740 1895 primo

9 1894 19 1903 “
65 1913 70 1917 -
151 1892 430 1976 phlegma·
473 1896 802 1973 aqueum&
853 1892 1105 1970 inutile,
1154 1895 1362 1957 deinde
1388 1902 1565 1981 Aqua
1613 1900 1740 1983 plus

153 1981 374 2042 habens
421 2005 491 2043 ex
518 1981 726 2063 spiritu
776 1981 944 2059 vini,
992 1980 1203 2045 deinde
1245 1984 1368 2068 post
1417 2009 1565 2071 aqua
1611 1989 1740 2072 plus

157 2068 374 2132 habens
442 2096 515 2133 ex
576 2075 865 2132 Aromate
911 2120 925 2134 .
999 2077 1203 2156 Atque
1268 2073 1438 2153 hujus
1505 2080 1735 2160 generis

160 2160 593 2243 quamplurima
663 2160 1053 2233 inveniuntur
1099 2162 1156 2220 in
1227 2162 1736 2229 Distillationibffs
1810 2226 1820 2229 u

154 2270 360 2310 notatu
405 2250 619 2334 digna.
664 2250 889 2311 Verum
919 2252 1037 2313 haec
1087 2250 1376 2313 sufficiant
1401 2252 1470 2315 ad
1516 2257 1735 2319 Exem-

155 2337 250 2420 pla
278 2386 294 2403 .

243 2430 485 2495 XLVII
496 2482 509 2497 ,
564 2432 730 2490 Inter
773 2430 1185 2513 Praerogativas
1208 2430 1606 2504 Instantiarum
1631 2456 1733 2518 po.

152 2536 361 2579 nemus
409 2517 545 2583 loco
570 2517 847 2579 vicesimo
895 2522 1074 2581 tertio
1118 2520 1421 2593 Instantius
1445 2525 1668 2604 Quanti
1713 2571 1731 2598 ‚

143 2625 292 2684 :quas
335 2606 514 2669 etiam
564 2612 730 2690 Doses
754 2614 983 2669 Natzarae
1031 2607 1311 2693 (sumpto
1360 2609 1648 2671 vocabulo
1694 2635 1728 2672 a
1823 2689 1830 2696 .

153 2692 522 2776 M'edicinis)
573 2720 782 2759 vocare
808 2698 1253 2761 consuevimus,
1304 2702 1400 2761 Eae
1449 2700 1576 2760 sunt
1599 2722 1728 2783 quae
1808 2680 1872 2773 l
1906 2741 1946 2780 0

154 2782 482 2844 mensurant
505 2785 771 2848 Virtutes
821 2810 918 2870 per
956 2794 1190 2869 ‚Quanta
1233 2792 1566 2869 Corporum
1596 2836 1613 2862 ,
1664 2791 1723 2849 8<
1787 2789 1818 2845 Ι

147 2864 413 2933 indicant
460 2873 599 2957 quid
621 2883 909 2957 ,Quantum
953 2878 1205 2962 Corporis
1253 2876 1429 2940 faciat
1470 2876 1540 2938 ad
1587 2882 1717 2938 Mo-

603 2992 609 2996 ·
1507 2966 1640 3026 dum
