2131 3573
350 98 716 160 NOVUM
776 95 1355 155 ORGANUM.
1473 111 1587 170 115

87 232 255 304 putet
285 263 300 290 ‚
351 214 502 275 idern
552 208 773 292 cogitat
813 230 879 267 ac
926 206 965 267 si
1013 205 1242 270 nullum
1291 202 1471 265 etiam
1499 203 1686 267 Lucis

89 303 206 368 effe
255 304 415 365 usum
465 297 692 359 censeat
722 345 737 373 ,
786 295 925 379 quia
962 318 1053 358 res
1100 293 1326 357 scilicet
1355 292 1539 355 solida
1586 316 1687 355 aut

91 391 399 455 materiata
442 409 564 448 non
594 383 660 446 fit
687 433 699 446 .
749 390 958 470 Atque
985 406 1190 448 revera
1214 381 1530 443 dicendum
1562 383 1640 444 est
1671 432 1687 456 ‚

91 479 468 568 Simplicium
499 478 868 541 Naturarum
924 472 1345 559 cognitionem
1377 473 1523 533 bene
1551 495 1685 534 exa-

90 571 375 633 minatam
403 567 457 626 8<
484 562 795 626 definitam
845 564 1022 625 instar
1045 560 1231 626 Lucis
1254 559 1364 622 effe
1392 585 1413 645 3
1461 584 1590 644 quae
1616 563 1687 621 ad

95 655 357 726 universa
381 657 650 737 Operum
679 652 1000 737 penetralia
1025 652 1257 715 aditum
1288 653 1503 735 praebet
1534 674 1553 735 3
1604 673 1687 709 at-

96 771 207 832 que
252 765 376 806 tot-a
414 743 654 827 agmina
676 746 943 828 Operum
997 743 1303 805 &turmas
1336 791 1354 821 ‚
1404 742 1459 801 δε
1491 739 1685 800 Axio-

89 855 311 899 matum
363 831 866 895 nobili-{fimorum
914 830 1107 894 fontes
1154 881 1170 907 ‚
1220 830 1501 915 potestate
1545 852 1688 912 qua-

92 926 224 986 dam
253 922 680 1007 complefiitur
710 923 767 983 8<
808 920 932 1007 post
957 921 1010 983 se
1038 920 1221 983 trahit
1250 943 1272 1006 3
1322 920 1380 981 in
1408 918 1461 981 se
1487 938 1690 980 tamen

92 1011 324 1076 nonita
372 1012 569 1096 magni
598 1011 723 1074 usus
748 1011 828 1074 est
854 1058 867 1073 .
916 1011 1084 1090 Quin
1115 1013 1170 1071 δε
1201 1010 1548 1075 Literarum
1578 1008 1689 1068 ele-

94 1123 296 1164 menta
320 1124 421 1184 per
445 1102 497 1163 se
523 1104 582 1163 &
621 1100 934 1185 separatim
982 1100 1135 1161 nihil
1163 1097 1492 1184 significant
1519 1145 1536 1175 ,
1583 1116 1693 1158 nec

83 1190 333 1271 alicujus
376 1189 502 1249 usus
526 1187 701 1263 sunt,
750 1188 842 1249 sed
897 1208 1096 1248 tamen
1148 1192 1216 1248 ad
1240 1187 1440 1249 omnis
1467 1186 1688 1249 sermo-

80 1278 177 1339 -nis
204 1275 695 1358 compositionem
743 1278 800 1335 ὅ(
829 1296 1171 1358 apparatum
1201 1274 1379 1337 instar
1406 1274 1684 1337 Materiae

82 1366 291 1449 primae
313 1364 443 1426 sunt
468 1411 481 1424 .
533 1365 732 1425 Etiam
779 1363 1003 1421 semina
1028 1385 1222 1422 rerum
1272 1365 1557 1443 potestate
1586 1386 1686 1424 va-

80 1455 202 1517 lida
230 1501 246 1530 ,
295 1453 395 1514 usu
445 1449 598 1533 (nisi
648 1449 709 1509 in
759 1447 1018 1530 processu
1067 1448 1218 1528 suo)
1268 1447 1446 1509 nihili
1500 1450 1635 1510 sunt
1664 1502 1682 1518 .

83 1550 290 1627 Atque
334 1539 482 1601 lucis
531 1535 700 1622 ipfius
746 1535 896 1598 radii
943 1534 1176 1619 dispersi
1207 1584 1223 1613 ,
1273 1535 1382 1599 nifi
1429 1559 1683 1618 coeant,

81 1629 438 1694 beneficium
489 1627 651 1688 suum
700 1648 817 1687 non
849 1626 1318 1708 impertiunturt

174 1717 356 1798 Quod
384 1715 421 1778 fi
445 1716 580 1800 quis
605 1714 1050 1778 Subtilitatibus
1100 1713 1480 1798 speculativis
1504 1718 1687 1780 offen.

85 1809 261 1871 datur
288 1831 309 1894 3
335 1810 478 1890 quid
504 1806 572 1868 de
598 1803 969 1865 Scholasticis
998 1803 1141 1864 viris
1165 1804 1483 1866 dicendum
1513 1806 1630 1868 erit
1660 1856 1678 1885 ,

80 1898 186 1982 qui
213 1894 640 1958 subtilitatibus
680 1892 1034 1953 immensum
1062 1893 1476 1957 indulserunt?
1527 1897 1680 1973 Quae

84 2008 282 2047 tamen
313 1983 683 2045 Subtilitates
730 1981 785 2041 in
837 1980 1036 2042 verbis
1062 2031 1078 2056 ‚
1128 2005 1224 2043 aut
1253 1983 1454 2044 saltem
1484 1985 1683 2068 vulga.

82 2075 243 2136 ribus
270 2072 618 2135 notionibus
648 2120 662 2147 ,
690 2073 867 2154 (quod
898 2072 1239 2132 tantundem
1267 2072 1450 2152 valet)
1478 2096 1592 2134 non
1622 2073 1683 2134 in

83 2166 255 2224 rebus
302 2184 398 2225 aut
449 2163 681 2226 Natura
731 2160 1085 2242 consumptae
1130 2158 1365 2222 fuerunt
1415 2183 1436 2244 3
1505 2184 1682 2246 atque

86 2251 370 2314 utilitatis
418 2273 688 2335 expertes
713 2272 874 2309 erant
905 2300 918 2323 ,
972 2272 1085 2309 non
1115 2268 1342 2310 tantum
1394 2248 1455 2310 in
1481 2249 1681 2336 Origi-

83 2364 198 2419 ne,
247 2341 339 2402 sed
384 2342 565 2402 etiam
616 2339 675 2401 in
706 2337 1206 2422 Consequentiis:
1256 2337 1435 2399 Tales
1481 2362 1680 2402 autem

85 2454 203 2492 non
227 2428 460 2491 fuerunt
490 2479 505 2505 ‚
556 2451 617 2491 ut
646 2429 927 2490 haberent
978 2427 1036 2487 in
1067 2427 1303 2509 praesens
1351 2427 1678 2490 utilitatem

85 2519 306 2580 nullam
336 2568 352 2595 ,
402 2518 493 2580 sed
542 2541 643 2601 per
690 2517 1045 2600 consequens
1085 2514 1432 2602 infinitam3
1482 2518 1680 2601 quales

87 2607 214 2668 sunt
239 2632 316 2669 eae
365 2609 434 2669 de
461 2608 675 2692 quibus
723 2607 1064 2691 loquimur.
1114 2607 1252 2667 Hoc
1299 2628 1445 2667 vero
1493 2608 1680 2668 sciant

86 2695 358 2757 homines
405 2720 511 2780 pro
537 2718 698 2759 certo
723 2746 738 2774 ,
786 2717 1026 2758 omnem
1053 2693 1460 2769 Subtilitatem
1490 2694 1678 2777 dispu-

84 2784 383 2846 tationum
433 2788 491 2845 δε
538 2786 893 2848 discursuum
926 2783 1198 2862 MentiS,
1247 2783 1283 2845 fi
1331 2784 1678 2846 adhibeatur

87 2893 316 2935 tantum
366 2873 487 2957 post
513 2875 842 2938 Axiomata
891 2874 1179 2958 inventa,
1225 2875 1414 2936 seram
1459 2872 1570 2933 esse
1618 2879 1677 2937 δε

892 2965 954 3023 H
1047 2984 1082 3026 2
1443 2986 1587 3046 prae·
