2131 3573
1524 141 1551 200 ἕ

231 251 1461 362 FRANCISCI

53 463 1640 777 VERUDLEAMIO

340 871 934 922 INSTAURATIO
996 868 1314 916 MAGNA.

348 1026 1335 1101 PRAEFATIO.

48 1214 134 1271 De
169 1210 326 1285 statu
371 1216 747 1277 scientiarum
791 1264 804 1292 ‚
856 1214 999 1294 quod
1045 1235 1145 1273 non
1187 1211 1265 1285 fit
1310 1209 1494 1287 felix,
1541 1225 1640 1266 aus

133 1301 393 1373 majorem
439 1303 499 1356 in
546 1303 759 1358 modum
809 1302 999 1356 nufias
1020 1324 1055 1369 ,-
1101 1300 1343 1374 quodque
1390 1297 1508 1353 alia
1533 1318 1641 1353 om-

137 1382 305 1455 nino,
354 1407 518 1463 quam
557 1385 839 1465 prioribus
863 1384 1080 1460 cognita
1120 1381 1339 1452 fueret,
1387 1380 1493 1437 via
1517 1401 1642 1459 ape.

134 1470 325 1529 rienda
359 1470 441 1542 sit
487 1468 802 1529 IntelleHui
822 1468 1099 1539 humano,
1146 1464 1221 1521 (9¹
1265 1463 1385 1520 alia
1432 1485 1644 1545 compa·-

132 1556 311 1615 randa
356 1556 574 1616 auxilia
621 1604 637 1633 ,
705 1576 767 1616 ut
812 1577 959 1614 mens
1019 1553 1117 1632 suo
1183 1552 1306 1631 jure
1353 1550 1412 1608 in
1458 1575 1636 1612 rerum

132 1648 412 1706 Naturam
458 1645 546 1705 uti
585 1645 789 1728 poffit.

370 1852 373 1854 ·
416 1823 650 1887 {dentur
692 1820 862 1885 nobis
906 1818 1178 1882 homines
1225 1864 1242 1894 ‚
1291 1838 1397 1879 nec
1442 1840 1584 1900 opes
1624 1863 1644 1893 ‚

459 1935 561 1971 nec
588 1912 739 1972 vires
764 1911 884 1971 suas
911 1912 1054 1971 bene
1080 1905 1236 1969 noffe
1266 1929 1285 1988 ;
1336 1926 1542 1966 verum
1569 1905 1639 1967 de

301 2018 391 2082 “y
463 1997 578 2060 illis
605 2000 826 2080 majora
853 2017 1028 2081 quam
1055 2019 1157 2080 par
1180 1995 1259 2056 est
1285 2043 1300 2069 ,
1325 1994 1392 2055 de
1419 1992 1506 2054 his
1535 1993 1643 2055 mi·

388 2088 390 2116 ³
458 2109 600 2149 nora
646 2087 921 2149 credere.
971 2087 1060 2145 Ita
1106 2081 1216 2157 fit,
1267 2103 1326 2141 ut
1371 2100 1469 2143 aut
1491 2102 1643 2143 artes

451 2196 712 2260 receptas
757 2171 971 2237 insanis
1017 2170 1223 2254 pretiis
1251 2169 1597 2230 aestimantes
1621 2215 1639 2243 ‚

45 2261 132 2325 nil
156 2262 402 2348 amplius
426 2284 686 2349 quaerant
712 2285 736 2348 3
782 2283 878 2324 aut
904 2260 956 2322 se
984 2258 1131 2342 ipsos
1159 2257 1281 2340 plus
1306 2278 1468 2334 aequo
1500 2279 1638 2318 con-

46 2370 376 2414 temnentes
402 2403 417 2429 ,
468 2353 623 2415 vires
648 2352 771 2413 suas
796 2350 857 2412 in
901 2345 1221 2409 levioribus
1246 2345 1589 2407 consumant
1616 2395 1638 2428 ,

48 2439 112 2500 in
139 2439 210 2502 iis
235 2488 251 2516 ‚
301 2465 425 2526 quae
451 2442 520 2504 ad
566 2440 852 2503 summam
901 2436 982 2498 rei
1013 2433 1231 2497 faciunt
1258 2482 1274 2509 ‚
1323 2454 1441 2494 non
1465 2456 1638 2516 expe-

50 2525 278 2589 riantur
305 2576 319 2591 .
368 2534 568 2609 Quare
596 2529 723 2592 sunt
767 2530 825 2589 ἃ
851 2527 956 2588 suae
982 2521 1258 2585 scientiis
1283 2521 1592 2585 Columnae
1619 2569 1635 2596 ,

51 2635 329 2698 tanquam
375 2617 613 2693 fatales;
662 2639 796 2678 cum
839 2615 908 2677 ad
935 2611 1174 2675 ulterius
1218 2609 1639 2693 penetrandum

50 2701 320 2766 homines
347 2729 451 2768 nec
477 2705 763 2769 defiderio
785 2751 802 2779 ,
851 2724 955 2765 nee
981 2701 1073 2784 spe
1098 2699 1434 2763 excitentur
1460 2743 1474 2758 .
1527 2702 1635 2757 At-

52 2810 210 2883 flue,
254 2815 385 2855 cum
429 2793 642 2878 opinio
684 2792 866 2876 copiae
910 2790 1063 2853 inter
1106 2788 1394 2850 maximas
1439 2783 1634 2845 causas

56 2879 267 2962 mopiae
312 2879 376 2940 fit
414 2905 436 2967 3
483 2904 780 2969 quumque
824 2902 901 2944 ex
945 2876 1158 2943 fiducia
1202 2872 1565 2962 praesentium
1614 2929 1634 2956 3

1139 2988 1172 3028 a
1435 2983 1575 3025 vera
