2131 3573
386 99 750 157 NOVUM
812 100 1396 199 ORGANUM,
1496 119 1620 203 {¹⁸2⁴

124 209 309 302 adbuc
338 182 718 286 incidissent)
773 208 867 268 vel
895 209 1074 271 etiarn
1105 188 1254 295 (pei-
1278 234 1469 301 partes
1495 218 1706 324 certe)

120 303 189 362 ad
218 302 447 387 aliquos
473 322 539 359 ex
569 295 795 358 Graecis
819 297 951 384 ipfis
979 299 1196 363 referre
1223 350 1245 384 3
1294 324 1471 387 atque
1496 283 1707 396 astipu-

118 383 408 452 lationem
435 389 490 448 ἃ
520 381 810 448 honorem
844 387 978 449 inde
1017 409 1212 470 petere
1265 416 1277 452 :
1336 415 1499 454 more
1526 419 1708 457 novo„

120 503 247 541 rum
276 465 588 542 hominum
618 526 639 558 ,
687 474 833 587 qui
817 477 1201 542 nobilitatem
1231 479 1369 542 fibi
1363 504 1434 544 ex
1462 480 1708 567 antiqua

117 570 316 654 aliqua
360 557 625 650 prosapia
658 612 674 639 ‚
712 579 846 646 per
892 566 1374 661 genealogiarum
1420 569 1650 633 favores
1691 622 1707 649 ‚

115 658 370 720 astruunt
412 655 469 715 &
497 652 830 738 affingunt.
885 660 1012 717 Nos
1061 680 1200 720 vero
1248 681 1439 721 rerum
1469 650 1705 723 eviden-

114 746 196 806 tia
222 742 399 817 freti,
445 765 688 804 omnem
716 745 1043 806 commenti
1097 750 1152 808 8<
1186 748 1516 845 imposturae
1568 774 1708 812 con·

112 832 405 895 ditionem
451 828 803 915 rejicimu8‚
847 855 1038 922 neque
1086 834 1155 933 ad
1208 836 1263 900 id
1304 840 1461 940 quod
1512 839 1710 924 agitur

112 922 241 1006 plus
268 919 545 984 interesse
571 942 842 1005 putamus
869 970 887 999 ,
937 946 1178 1004 utrum,
1228 951 1356 1012 quae
1387 932 1502 1011 jam
1539 932 1709 991 inve-

113 1010 355 1072 nientur
383 1056 400 1087 ,
451 1010 741 1095 Antiquis
781 1009 946 1074 olim
959 1015 1197 1100 cognita
1223 1065 1239 1093 ‚
1292 1020 1346 1079 8<
1380 1042 1481 1110 per
1506 1041 1707 1081 rerum

104 1097 535 1190 viciffitudines
579 1102 637 1162 &
708 1100 910 1162 saecula
956 1103 1291 1166 occidentia
1337 1105 1393 1167 8<
1451 1105 1712 1169 orientia

103 1185 259 1248 fint·
240 1240 261 1270 ‚
288 1208 513 1268 quam,
512 1167 902 1267 hominibus
911 1211 1059 1250 curae
1077 1188 1196 1251 effe
1221 1187 1456 1255 debere
1458 1218 1704 1271 ‚utrum

105 1277 325 1360 Novus
349 1270 549 1334 Orbis
576 1266 754 1335 fuerit
785 1275 975 1337 Insula
1025 1278 1125 1338 illa
1154 1282 1468 1368 Atlantis
1455 1331 1472 1360 ,
1523 1288 1582 1346 ὃ(
1610 1308 1706 1346 ve-

101 1361 215 1446 teri
245 1361 483 1423 Mundo
509 1355 800 1444 cognita3
850 1386 919 1421 an
948 1387 1103 1423 nunc
1133 1367 1396 1444 primum
1426 1394 1699 1452 reperta.

103 1438 349 1536 Rerum
372 1447 533 1510 enim
581 1448 859 1508 inventio
904 1472 935 1510 a
965 1453 1209 1512 Naturae
1257 1453 1388 1515 luce
1414 1463 1705 1539 petenda,

101 1561 218 1602 non
234 1538 316 1601 ab
339 1526 750 1626 Antiquitatis
796 1537 1058 1600 tenebris
1104 1544 1417 1624 repetenda
1444 1546 1568 1613 est.
1632 1551 1652 1557 ”
1694 1558 1698 1562 “

186 1615 364 1707 Quod
391 1648 534 1715 vero
559 1626 630 1689 ad
674 1620 1073 1688 universalem
1102 1629 1268 1693 istam
1299 1635 1702 1723 reprehensio-

97 1738 233 1807 nem
257 1713 473 1805 attinet
499 1763 518 1792 ,
559 1707 989 1778 certiffimum
1007 1717 1085 1778 est
1113 1741 1248 1780 vere
1275 1744 1396 1813 rem
1428 1747 1700 1809 reputan.

94 1804 141 1867 ti
190 1853 207 1882 ,
255 1801 384 1891 eam
427 1807 486 1867 8(
537 1804 724 1888 magis
774 1788 1145 1888 probabilem
1189 1802 1387 1888 effe,
1401 1815 1458 1875 8<
1507 1815 1699 1901 magis

93 1894 462 1982 modestam,
509 1915 689 1976 quam
734 1890 772 1953 fi
819 1891 973 1956 faffla
1020 1894 1213 1983 fuisset
1257 1922 1331 1962 ex
1379 1925 1584 1984 pa1·.te
1634 1905 1697 1967 Si

91 1983 252 2044 enim
302 1981 363 2069 in
411 1980 619 2065 primis
646 1973 1029 2045 Notionibus
1056 2008 1279 2050 errores
1302 1991 1549 2055 radicati
1579 2016 1701 2083 non

92 2070 374 2153 fuissent,
423 2067 696 2137 fierinon
744 2070 1096 2158 ροῑυῐίῖεῑ,
1111 2076 1256 2172 quin
1304 2071 1590 2144 nonnulla
1615 2106 1703 2143 re-

92 2153 191 2222 &e
238 2158 483 2220 inventa
529 2210 552 2242 ,
600 2159 716 2222 alia
761 2183 1067 2245 perperam
1115 2163 1359 2228 inventa
1409 2165 1699 2233 coirexis·

93 2249 259 2312 sent.
308 2248 423 2310 Sed
471 2271 607 2310 curn
652 2271 878 2336 errores
925 2240 1397 2337 fundamentales
1421 2255 1689 2321 fuerint
1677 2308 1693 2336 ‚

95 2358 274 2423 atque
300 2325 638 2437 ejusmodi,
687 2360 749 2400 ut
779 2337 1050 2429 homines
1076 2342 1269 2424 potius
1300 2367 1391 2407 res
1415 2336 1694 2434 neglexe-

89 2426 217 2488 rint
240 2449 307 2489 ac
353 2417 785 2509 praeterierint,
832 2451 1007 2513 quam
1056 2432 1126 2492 de
1151 2429 1306 2494 illis
1317 2456 1563 2517 pravum
1593 2458 1697 2499 aut

95 2513 303 2576 falsum
353 2515 641 2601 judicium
688 2516 982 2611 fecerint·
1035 2519 1282 2584 minime
1327 2523 1548 2618 mirum
1574 2526 1692 2613 est,

98 2601 140 2663 si
185 2603 452 2687 homines
496 2603 559 2669 id
582 2627 701 2694 non
714 2577 1158 2694 obtinuerint,
1205 2615 1362 2703 quod
1408 2637 1527 2677 non
1565 2609 1694 2702 ege-

96 2689 269 2777 rint3
315 2715 421 2755 nec
465 2689 550 2781 ad
583 2717 803 2758 metam
851 2658 1291 2785 pervenerint,
1341 2726 1519 2787 quam
1568 2723 1689 2774 non

95 2749 392 2862 posuerint
439 2779 537 2845 aut
581 2783 977 2849 collocarint·
957 2809 1218 2874 ‚neque
1263 2789 1424 2854 viam
1471 2788 1691 2895 emensi

94 2865 249 2966 ‚fim’
295 2891 472 2990 quam
500 2895 615 2963 non
641 2873 877 2960 ingressi
904 2875 1014 2938 sint
1038 2898 1135 2940 aut
1162 2880 1504 2945 tenuerint.

715 2993 721 2995 “
927 2967 990 3062 Η
1072 2988 1117 3087 3
1478 2970 1598 3062 AF?
