2131 3573
359 100 731 161 NOVUM
788 101 1365 167 ORGANUM.
1469 126 1590 189 193

89 237 204 279 tem
235 264 249 290 ,
297 214 578 289 Instantiae
603 210 731 273 sunt
768 212 1045 290 solitariae
1069 236 1355 298 quatenus
1403 217 1469 278 ad
1497 218 1676 281 Simi,

81 304 396 368 litudinem
425 353 441 369 .

172 395 389 455 Rursus
434 391 494 451 in
543 387 749 451 eadem
779 389 1215 472 Inquifitione‚
1267 414 1426 455 venae
1472 395 1671 457 distin.

76 472 189 545 ’θαι
216 481 360 545 Albi
408 483 464 541 &
494 476 674 561 Nigri
729 477 786 538 in
815 480 1265 556 Marmoribu5‚
1314 482 1372 543 δε
1413 484 1672 567 variega-

77 572 268 632 tiones
290 568 554 631 colorum
583 571 643 627 in
669 566 946 629 Floribus
970 570 1225 650 ejusdem
1252 568 1505 655 speciei,
1543 572 1674 633 sunt

73 656 654 736 Instantiaesolitariae
698 703 711 716 .
785 658 1015 720 Album
1064 659 1228 722 enim
1299 663 1356 721 &
1407 661 1668 747 Nigrum

74 744 443 821 Marmei-is»,
490 748 548 806 8<
579 744 821 807 maculae
846 746 994 809 Albi
1047 751 1103 809 &
1135 749 1415 833 Purpurei
1469 750 1530 812 in
1571 749 1670 811 fio-

75 839 232 901 ribus
252 833 647 918 Caryophylli
679 883 695 914 ‚
744 835 1110 898 conveniunt
1135 835 1253 898 fere
1305 838 1363 900 in
1390 840 1668 901 omnibu-s

68 946 274 1011 prater
319 923 506 1008 ipsum
536 925 839 987 colorem.
890 927 1065 987 Unde
1091 925 1265 989 facile
1316 928 1665 1014 colligitur,

66 1014 349 1079 Colorem
400 1036 519 1076 non
569 1015 819 1074 multum
873 1014 953 1076 rei
998 1016 1209 1077 habere
1260 1040 1394 1079 cum
1423 1018 1671 1081 Naturis

64 1102 310 1182 alicujus
359 1101 619 1186 corporis
645 1100 1024 1177 intrinseciS,
1074 1103 1167 1164 sed
1208 1125 1441 1167 tanturn
1493 1105 1663 1168 situm

63 1191 174 1253 effe
223 1192 283 1251 in
312 1188 576 1251 Politura
624 1190 875 1271 partium
924 1189 1189 1252 craffiori
1242 1195 1299 1254 8<
1345 1194 1503 1277 quast
1530 1197 1662 1258 Me-

63 1278 350 1342 chanica.
402 1278 525 1339 lstae
574 1299 766 1338 autern
815 1278 1098 1350 Instantiae
1146 1280 1276 1342 sunt
1319 1287 1600 1345 Solitariae
1638 1340 1659 1370 ,

60 1391 345 1454 quatenus
391 1367 461 1427 ad
515 1363 984 1444 Discrepantiam
1032 1411 1047 1424 .
1098 1369 1415 1451 Utrunque
1461 1394 1658 1436 autem

57 1481 281 1542 -genuS,
330 1454 636 1527 Instantius
668 1451 965 1532 solitarias
1009 1452 1304 1534 appellare
1352 1458 1657 1520 consuevi-

60 1569 233 1622 mus„
283 1564 381 1605 aut
418 1540 676 1620 ferinas,
726 1538 960 1624 sumpto
1007 1542 1299 1605 vocabulo
1349 1546 1421 1608 ab
1459 1549 1660 1612 Astro-

0 1669 2 1694 l
62 1636 296 1697 nornis·

0 1791 1 1795 ,
149 1724 385 1784 XXIII.
414 1723 579 1782 Inter
602 1718 1018 1806 praerogativas
1046 1722 1465 1789 Instantiarnm
1491 1776 1508 1806 ‚
1553 1751 1661 1813 po..

0 1812 4 1877 ἰ
44 1834 262 1874 nemus
306 1810 561 1873 secundo
607 1810 744 1870 loco
788 1809 1091 1883 Instantias
1135 1813 1442 1896 migrantes
1487 1865 1503 1881 .
1556 1822 1657 1881 Eae

0 1888 5 1978 l
53 1901 227 1977 sunt,
278 1899 336 1961 in
387 1898 603 1984 quibus
628 1900 862 1961 Natura
893 1898 1177 1985 Inquifita
1228 1903 1447 1990 migrat
1471 1905 1540 1970 ad
1564 1931 1657 1995 ge.

50 1988 425 2052 nerationem
453 2033 470 2063 ‚
518 2009 656 2052 cum
681 1987 840 2071 prius
887 2010 1007 2051 non
1034 1988 1305 2054 existeret
1333 2018 1354 2079 3
1403 2017 1500 2060 aut
1526 2021 1660 2062 con.

54 2099 145 2139 tra
173 2078 391 2162 migrat
436 2076 506 2139 ad
531 2075 975 2161 corruptionem
1002 2127 1020 2154 ,
1070 2101 1203 2140 cum
1244 2083 1404 2165 prius
1449 2086 1657 2149 existe-

53 2188 186 2228 ret.
235 2171 449 2251 Itaque
487 2164 551 2228 in
599 2185 845 2251 utraque
874 2166 1309 2253 Antistrophe,
1360 2175 1658 2239 Instantiae

51 2254 196 2318 tales
221 2255 351 2318 sunt
397 2254 625 2340 semper
647 2254 895 2342 geminae
922 2280 943 2341 3
994 2256 1088 2318 vel
1114 2258 1310 2341 potius
1336 2284 1445 2325 una
1474 2263 1654 2331 Istan-

53 2343 137 2407 tia
187 2343 248 2406 in
275 2365 488 2420 motu,
535 2342 650 2407 five
678 2343 962 2421 transitu,
1013 2348 1297 2430 produRa
1342 2352 1410 2414 ad
1460 2352 1651 2438 perio-

50 2432 191 2496 dum
217 2433 560 2497 adversam.
611 2437 700 2497 At
725 2434 1061 2516 hujusmodi
1088 2437 1381 2503 Instantiae
1429 2464 1548 2504 non
1573 2443 1652 2505 so-

50 2521 179 2583 lum
228 2522 639 2586 accelerant&
688 2526 970 2586 roborant
994 2527 1362 2602 Exclufivam
1390 2578 1407 2606 ,
1455 2530 1551 2596 sed
1597 2556 1650 2593 e.

59 2609 216 2673 tiam
263 2611 628 2698 compellunt
670 2613 1158 2699 Affirmativam,
1209 2615 1322 2680 five
1367 2624 1650 2683 Formam

49 2697 238 2782 ipsam
265 2749 282 2777 ,
328 2701 389 2765 in
415 2702 719 2788 angustum
749 2754 765 2771 .
819 2701 1064 2767 Neceffe
1089 2707 1167 2769 est
1213 2708 1373 2770 enim
1421 2731 1484 2773 ut
1511 2714 1650 2771 For-

53 2809 154 2849 ma
202 2787 286 2850 rei
314 2788 380 2852 fit
429 2789 736 2877 quippiam
765 2841 783 2872 ‚
830 2795 987 2879 quod
1015 2815 1115 2878 per
1161 2794 1650 2881 hujusmodiMi-

10 2878 360 2976 *grationem
405 2878 692 2969 indatur3
739 2905 840 2946 aut
889 2903 1096 2946 contra
1144 2908 1246 2973 per
1312 2886 1652 2970 hujusmodi

1441 2975 1566 3039 Mi.
