2098 3490
526 129 647 191 126
928 114 1555 184 VERULAMII'

436 236 650 300 nibus:
702 236 873 298 Unde
921 237 1234 297 innumerae
1286 257 1473 309 rerum
1522 228 1874 294 mutationes
1919 234 1997 295 sea

431 348 628 408 quutae
676 323 801 385 sunt
852 347 872 408 3
921 345 981 385 ut
1025 331 1142 384 non
1191 322 1513 406 Imperium·
1554 320 1832 402 aliquod,
1878 344 1994 382 non

434 413 648 487 Setsta‚
696 429 812 474 rion
838 411 1012 474 Stella
1066 411 1346 490 majorem
1373 409 1692 470 efficaciam
1742 412 1798 468 8(
1839 410 1995 490 quali

432 497 728 563 influxum
780 501 942 585 super
988 521 1072 559 res
1119 500 1397 559 humanas
1443 492 1754 558 exercuisse
1804 495 1997 556 videa-<-

433 607 572 670 (υτ,
619 609 793 671 quam
844 586 946 649 ista
973 586 1323 648 Mechanica
1373 604 1799 649 exercuerunt.

522 639 808 736 P'raeterea
856 697 973 736 non
1013 677 1111 736 abs
1158 696 1214 735 re
1262 673 1479 750 fuerit,
1528 672 1639 732 tria
1686 670 1997 732 hominum

433 762 807 825 Ambitionis
852 785 1057 847 genera
1085 765 1141 822 8(
1189 762 1405 845 quafi
1371 765 1578 824 9radus
1626 758 1995 842 distinguere

436 850 708 913 Primum
756 872 954 911 eorum
1004 899 1019 926 ‚
1069 850 1169 934 qui
1219 852 1510 933 propriam
1563 867 1883 929 potentiam
1936 867 1997 905 in

435 939 632 1000 Patria
660 939 750 1000 sua
777 938 1134 1022 amplificate
1161 940 1450 1023 cupiunt*
1495 936 1647 1019 quod
1674 957 1847 1018 genus
1876 933 1999 993 vu!-

428 1044 561 1109 gare
608 1028 684 1087 est
729 1029 786 1086 ὅ(
834 1028 1082 1108 degener
1126 1073 1141 1088 .
1210 1027 1537 1086 Secundum
1580 1046 1783 1084 eorum
1828 1021 1996 1104 ,iqu

435 1112 642 1173 Patriae
692 1113 1015 1194 potentiam
1047 1117 1105 1170 8(
1155 1110 1650 1191 imperiuminter
1672 1111 1998 1170 humanum

428 1221 605 1283 genus
630 1197 988 1279 amplificate
1015 1197 1326 1256 nituntur:
1381 1193 1534 1254 Illud
1582 1195 1705 1275 plus
1728 1216 1880 1255 certe
1907 1197 2000 1254 ha-

431 1291 529 1347 bet
576 1284 923 1370 dignitati8‚
971 1282 1308 1381 cupiditatis
1334 1281 1484 1343 haud
1535 1281 1771 1347 minus,
1822 1283 2000 1357 Quod

433 1373 468 1432 fi
496 1374 623 1456 quis
638 1337 917 1435 ‘’humani
945 1373 1168 1455 generis
1217 1369 1387 1451 ipsius
1431 1367 1756 1452 potentiam
1805 1368 1905 1427 δ(
1891 1391 2001 1428 im-

429 1463 658 1544 perium
705 1460 767 1520 in
815 1481 1007 1520 rerum
1052 1456 1509 1518 Univerfitatem
1576 1456 1891 1518 instaurare
1943 1459 1999 1515 ὅ(

431 1544 807 1643 amplificare·
844 1567 1135 1621 conetur,
1193 1568 1255 1606 ea
1303 1543 1687 1627 proculdubio
1711 1543 1998 1604 Ambitio

434 1634 521 1716 (fi
570 1633 746 1693 modo
793 1633 874 1692 ita
923 1571 1180 1692 vocanda
1233 1630 1340 1710 fit)
1392 1630 1630 1714 reliquis
1698 1634 1757 1691 δ(
1808 1632 2000 1691 sanior

434 1722 590 1782 est&
637 1719 966 1802 augustior.
1016 1719 1296 1780 Hominis
1322 1742 1514 1781 autern
1568 1718 1884 1815 imperium
1939 1720 1998 1778 in

434 1813 552 1870 Res
581 1855 595 1883 ‚
645 1807 703 1867 in
732 1807 867 1868 iolis
892 1807 1141 1866 Artibus
1165 1807 1220 1867 δ(
1250 1806 1520 1866 Scientiis
1548 1807 1823 1889 ponitur.
1879 1809 1998 1866 Na-

434 1917 576 1957 turae
624 1894 783 1956 enim
808 1917 922 1956 non
973 1896 1331 1976 imperatur,
1379 1894 1804 1975 nifiparendoi

524 1987 840 2058 Praeterea,
892 1982 930 2042 sl
979 1982 1142 2044 unius
1188 1982 1433 2064 alicujus
1482 1980 1849 2064 particularis
1900 1989 1992 2042 ln-

439 2072 599 2131 venti
633 2070 858 2131 utilitas
905 2069 988 2132 ita
1033 2069 1298 2131 homines
1345 2068 1653 2150 affecerit,
1702 2088 1766 2128 ut
1817 2090 1945 2127 eum
1979 2118 1995 2143 ‚

433 2159 527 2242 qui
576 2181 751 2241 genus
799 2159 1115 2219 humanum
1156 2155 1510 2220 Universum
1560 2154 1846 2217 beneficio
1895 2157 1997 2215 ali-

432 2269 550 2329 quo
573 2245 870 2308 devincire
920 2246 1216 2326 potuerit,
1267 2244 1529 2305 Homine
1559 2246 1841 2323 majorem
1896 2267 1989 2324 pu„

433 2334 689 2394 taverint
735 2355 1023 2420 ;(1υ3η(ο
1065 2292 1262 2396 celfiiis
1307 2331 1604 2392 videbitur
1651 2378 1667 2404 ,
1737 2330 1850 2390 tale
1896 2331 1995 2389 ali-

435 2419 579 2503 quid
626 2421 928 2501 invenire,
977 2445 1078 2505 per
1120 2420 1274 2505 quod
1319 2418 1432 2480 alia
1474 2417 1673 2478 omnia
1722 2418 1991 2499 expedite

433 2507 684 2569 inveniri
735 2509 986 2592 poffint?
1036 2514 1111 2572 Et
1137 2529 1327 2571 tamen
1378 2509 1489 2587 (ut
1516 2528 1717 2566 verum
1744 2510 2027 2565 omnino'

432 2594 734 2676 dicamus)
782 2598 1272 2679 quemadmodum
1317 2594 1433 2655 luci
1485 2615 1754 2691 magnam
1824 2592 1992 2653 habe-

433 2706 561 2745 mus
606 2682 854 2767 gratiam
882 2737 904 2770 ,
948 2687 1101 2769 quod
1149 2707 1248 2769 per
1292 2706 1415 2743 eam
1464 2682 1518 2747 vi
1528 2706 1584 2742 as
1634 2681 1782 2742 inire
1811 2727 1827 2756 ,
1875 2684 1990 2741 Ar·-

433 2789 515 2829 tes
562 2792 871 2847 exercere,
919 2772 1145 2854 legere,
1193 2794 1294 2832 nos
1342 2769 1594 2830 invicem
1645 2767 1982 2851 dignolceie

435 2856 707 2939 poffirnus
752 2906 768 2934 ‚
816 2861 872 2921 ὃ(
916 2859 1299 2923 nihilominus
1351 2858 1465 2941 ipsa
1511 2858 1654 2920 visio
1701 2855 1850 2918 lucis
1896 2872 1983 2913 res

1762 2963 1902 3026 prae-
