2098 3490
556 100 683 181 246
951 98 1581 157 VERULAMII

2045 0 2098 208 l

465 234 620 275 mam
669 207 906 295 fugiunt
953 210 1009 269 δε
1059 208 1432 284 exhorrent,
1476 203 1671 290 qualia
1714 205 1841 269 sunt
1885 190 2098 274 ὃειῙεεέε

464 323 707 363 omnes.
758 297 1041 358 Videmus
1066 295 1267 371 enim,
1316 295 1665 379 fijaciantur
1713 293 1774 354 in
1800 300 2071 378 Ignem,
2064 287 2098 319 ²¹

468 388 753 469 Spiritum
799 391 1075 467 Aqueum
1123 406 1417 481 erumpere
1454 405 1581 444 cum
1632 380 1899 464 fragore,
1945 405 2043 441 an·
2086 320 2098 463 i

466 497 700 558 tequam
727 472 992 534 Flamma
1041 471 1438 555 concipiatur.
1486 469 1638 552 quod
1675 472 1850 530 etiam
1899 467 2045 529 leni·
2084 454 2098 541 ,ζ

465 585 554 624 ter
602 561 669 622 fit·
721 561 777 620 in
828 558 985 619 foliis
1030 559 1199 642 paulo
1245 557 1779 619 contumacioribus
1823 603 1841 631 ,
1888 576 2046 638 parte
2094 580 2098 591 ·

465 672 647 731 aquea
693 669 1006 731 etunpente
1053 697 1075 729 ‚
1143 667 1449 729 antequam
1513 645 1702 706 oleosa
1750 641 2049 724 concipiat

466 739 840 798 Flammam.
891 734 999 795 Sed
1047 734 1302 794 maxime
1350 734 1609 793 ceinitur
1665 732 1779 791 hoc
1827 729 1886 789 in
1934 735 2056 790 Ar-

465 845 642 906 gento
673 821 857 895 vive,
907 822 1063 904 quod
1110 844 1224 881 non
1275 822 1425 881 male
1469 819 1680 881 dicitu1
1720 823 1892 900 Aqua
1941 815 2050 876 mi-

467 909 719 973 neraliS.
771 913 905 969 Hoc
933 909 1138 988 enim,
1187 906 1924 990 absqueinflammatione‚
1952 923 2051 984 pet·

469 997 856 1076 Eruptionem
908 998 965 1053 δε
1011 995 1439 1073 Expansionem
1490 992 1849 1074 (implicem,
1895 989 2052 1051 vires

471 1082 737 1141 Pulveris
787 1079 946 1152 Pyrii
998 1078 1114 1136 fere
1155 1081 1420 1171 adaequat
1466 1101 1487 1156 3
1535 1082 1687 1156 quod
1733 1078 1909 1137 etiarn
1957 1077 2051 1136 ad-

476 1167 732 1228 mixtum
761 1161 991 1225 Pulveri
1040 1183 1257 1246 pyrio
1303 1162 1426 1244 ejus
1464 1161 1616 1222 vires
1662 1163 2078 1245 multiplicare*

472 1255 728 1317 dicitur.
1457 1277 1461 1281 ·

559 1339 890 1412 Similiter,
940 1336 1004 1396 fit
1033 1340 1260 1398 Natura
1307 1332 1582 1418 Inquifita
1624 1382 1640 1409 ‚
1687 1330 2075 1400 Tranfitoria,

469 1433 699 1490 Natura
743 1425 1024 1485 Flammae
1053 1470 1068 1497 ,
1117 1424 1174 1480 &
1226 1421 1543 1482 Extinstio
1572 1425 1712 1500 ‚ejus
1763 1425 2094 1484 Motenta-v

474 1538 621 1576 nea.
674 1515 811 1572 Non
860 1511 1016 1569 enim
1069 1508 1300 1569 videtur
1342 1511 1566 1570 Natura
1615 1510 1914 1569 Flammea
1962 1506 2095 1573 hice

474 1601 618 1683 apud
646 1621 745 1657 nos
795 1596 892 1678 figi
923 1598 979 1655 &
1004 1595 1342 1668 consistere,
1390 1596 1479 1656 sed
1507 1591 1750 1691 singulis
1760 1594 1915 1679 quasi
1941 1617 2056 1655 mo-

476 1685 689 1747 mentis
732 1681 1037 1767 generari,
1084 1685 1140 1742 &
1190 1682 1373 1742 statim
1425 1680 1690 1765 extingui
1738 1732 1754 1747 .
1805 1680 2058 1742 Manife-
2090 1725 2095 1730 -

477 1776 620 1834 stum
670 1793 825 1830 emm
853 1770 966 1845 est
1017 1732 1075 1828 in
1104 1769 1384 1828 Flammis
1431 1791 1555 1850 quae
1580 1770 1673 1829 hic
1722 1769 2066 1829 continuan—
2088 1803 2094 1822 2

479 1884 573 1920 tur
623 1860 951 1932 &durant,
998 1855 1161 1916 istam
1206 1853 1575 1916 durationem
1623 1878 1735 1914 non
1762 1854 1870 1915 esse
1910 1842 2094 1936 ejus·‘⁴

481 1950 609 2008 dem
636 1946 914 2006 Flammae
964 1943 1021 2002 in
1051 1942 1367 2003 Individuo
1393 1987 1408 2016 ,
1456 1942 1548 2003 sed
1573 1939 1697 2002 fieri
1727 1965 1825 2023 per
1852 1941 2057 2002 succes-

482 2033 696 2094 sionem
746 2054 909 2092 novae
956 2031 1232 2091 Flammae
1280 2029 1535 2090 seriatim
1581 2050 1908 2112 generatae‚
1956 2026 2057 2088 mi-

482 2122 644 2181 nime
694 2139 885 2178 autem
914 2140 1143 2178 manere
1189 2117 1449 2176 eamdem
1493 2115 1821 2177 Flammam
1869 2137 2055 2175 nume·

581 2207 714 2268 ·1d
759 2205 910 2287 quod
959 2203 1129 2265 facile
1173 2203 1519 2285 perspicitur
1564 2226 1634 2263 ex
1686 2205 1838 2278 hoe,
1887 2203 1996 2262 hoc
2043 2249 2053 2277 ‚

487 2295 638 2373 quod
686 2293 974 2357 subtraffla
1016 2290 1295 2352 alimento
1344 2289 1454 2348 slve
1500 2289 1709 2351 fomite
1748 2288 2052 2349 Flammae

486 2381 753 2442 'Flamma
801 2378 990 2441 statim
1038 2398 1235 2460 pereat
1281 2427 1298 2442 .
1370 2375 1608 2438 Bivium
1674 2396 1866 2435 autem
1915 2375 2051 2435 circz
2080 2374 2086 2384 ’

490 2469 638 2527 hane
665 2488 925 2533 naturam
977 2468 1089 2526 tale
1113 2465 1232 2529 est.
1281 2466 1697 2524 Momentanea
1727 2462 1826 2522 ista
1876 2465 2049 2524 Natu·

494 2578 553 2613 ra
581 2601 596 2627 ,
642 2575 735 2612 aut
763 2553 824 2612 fit
871 2552 1209 2614 remittente
1234 2550 1285 2613 se
1306 2549 1492 2612 Causa
1538 2572 1659 2632 quae
1698 2571 1824 2610 eam
1874 2548 2056 2630 prim(v

493 2639 733 2723 genuit,
777 2660 835 2700 ut
861 2640 919 2700 in
944 2639 1199 2702 Lumine
1223 2687 1238 2714 ,
1263 2638 1427 2699 Sonis
1451 2683 1467 2710 ,
1507 2639 1559 2696 δε
1588 2635 1854 2698 Motibus
1882 2638 2048 2717 (qua

498 2725 755 2805 vocant)
804 2726 1124 2812 violentis·
1172 2746 1269 2788 aut
1309 2726 1462 2808 quod
1487 2724 1751 2786 Flamma
1796 2723 1855 2784 in
1883 2725 2043 2785 Natu

490 2835 557 2876 ra
603 2813 695 2875 sua
738 2811 903 2898 poffit
945 2812 1042 2877 hic
1086 2813 1233 2899 apud
1284 2834 1385 2874 nos
1422 2833 1694 2888 manere,
1742 2810 1887 2874 seda
1931 2827 2057 2890 con,

1867 2913 1979 2953 tra-
