2131 3573
360 90 732 150 NOVUM
791 91 1367 160 ORGANUM.
1456 115 1588 184 299

94 203 257 283 tium,
289 204 627 287 Corporum
656 250 677 281 ,
727 202 876 262 unde
928 201 993 263 fit
1042 205 1328 288 praecipue
1374 209 1679 274 Induratio

92 294 154 354 δε
202 289 570 354 DeficcatiO.
622 289 935 374 Postquam
983 292 1149 355 enim
1198 294 1449 380 Spiritus
1492 348 1511 376 ,
1578 322 1681 362 aut

93 380 425 444 Humidum
471 377 530 438 in
577 376 860 462 Spiritum
912 380 1185 466 versum,
1233 385 1566 449 evolaverit
1611 388 1680 450 in

92 470 292 555 aliquo
315 473 580 550 Corpore
633 467 965 549 porossore‚
1015 472 1129 548 (ut
1174 471 1234 534 in
1262 473 1467 558 ligno,
1516 475 1681 563 osse,

92 559 433 621 membrana
458 603 475 632 ‚
526 557 583 616 δε
612 555 940 639 hujusmodi
970 559 1007 641 )'
1045 582 1169 623 tum
1203 564 1401 623 Patres
1449 565 1678 628 craffio.

94 671 181 708 res
229 645 444 727 majore
492 643 635 705 nixu
688 648 1119 712 contrahuntur
1164 652 1220 711 ἃ
1271 673 1525 730 coeunt,
1571 673 1679 716 un·-
1728 696 1731 704 «

88 737 158 797 de
202 730 458 817 seqnitur
482 734 787 796 induratio
815 757 912 798 aut
946 737 1329 800 Deficcati0:
1376 743 1530 825 quod
1553 743 1681 808 exi-

85 824 382 885 stimamus
433 820 558 884 fieri
591 871 607 901 ‚
656 847 774 885 non
822 845 943 886 tam
992 827 1070 887 ob
1120 849 1351 890 motum
1399 834 1592 899 Nexus
1660 879 1679 907 ,

80 935 154 974 ne
199 910 366 973 detur
393 913 662 976 Vacuum
691 961 709 990 ,
757 937 937 1000 quam
964 937 1066 999 per
1111 916 1546 981 motumistum
1595 922 1678 982 A.

81 997 324 1062 micitiae
372 1001 429 1062 &
459 1001 717 1064 Unionis
743 1051 758 1065 .

163 1089 264 1151 Ad
290 1087 643 1151 Coitionem
692 1112 833 1152 vero
856 1092 926 1153 ad
973 1092 1186 1155 distans
1210 1094 1368 1179 quod
1413 1096 1675 1175 attinet,

77 1198 144 1236 ea
188 1174 529 1260 infrequens
554 1177 631 1237 est
676 1179 732 1239 &
779 1200 949 1241 rara:
1000 1182 1057 1241 ὅ(
1086 1201 1282 1245 tamen
1328 1182 1387 1245 in
1415 1184 1680 1268 pluribus

75 1262 268 1340 inest,
315 1287 491 1348 quarn
519 1265 732 1349 quibus
778 1266 1155 1333 observatur.
1212 1274 1407 1357 Hujus
1453 1272 1679 1337 fimula..

81 1375 178 1414 cra
224 1352 398 1434 sunt,
447 1376 582 1414 cum
632 1354 789 1415 bulla
835 1355 1025 1416 solvat
1075 1360 1294 1420 bullam
1344 1388 1380 1439 ;
1427 1364 1681 1427 medica-

78 1462 276 1503 menta
321 1463 395 1502 ex
421 1438 804 1501 similitudine
854 1441 1178 1508 substantiae
1206 1447 1438 1508 trahant
1464 1450 1677 1513 humo·

75 1551 165 1590 res
192 1553 214 1615 3
263 1528 478 1591 chorda
504 1526 565 1589 in
613 1526 851 1590 diverfis
879 1527 1090 1593 fidibus
1118 1536 1186 1597 ad
1212 1533 1524 1599 unisonum
1554 1562 1678 1602 mo-

73 1616 588 1705 veatChordam3
636 1619 693 1679 ὃς
721 1618 1050 1698 hujusmodi
1083 1669 1094 1682 .
1145 1623 1348 1686 Etiam
1376 1624 1436 1687 in
1486 1626 1674 1711 Spiri-

73 1705 230 1768 tibus
253 1705 634 1769 Animalium
684 1707 837 1768 hunc
869 1729 1098 1771 motum
1149 1712 1350 1797 vigere
1376 1714 1677 1780 existima-

75 1818 248 1878 mus,
299 1794 393 1857 sed
441 1796 611 1880 plane
658 1795 1029 1880 incognitum
1060 1849 1076 1863 .
1128 1804 1215 1862 At
1243 1802 1467 1864 eminet
1514 1827 1673 1868 certe

60 1883 132 1963 ¹in
184 1905 499 1968 magnete,
550 1886 607 1945 &
653 1882 809 1945 ferro
857 1885 1103 1956 excito.
1148 1893 1306 1952 Cum
1351 1914 1551 1955 autem
1598 1896 1672 1957 de

71 1971 334 2034 motibus
383 1971 671 2058 magnetis
720 1973 1062 2057 loquimur,
1109 1979 1501 2066 distinguendi
1552 1984 1673 2068 pla·

69 2077 142 2121 'ne
190 2060 361 2127 sunt.
413 2065 685 2142 Quatuox·
709 2063 867 2125 enim
921 2064 1183 2129 Virtutes
1211 2068 1326 2130 slve
1348 2073 1667 2153 Operatio-

71 2172 171 2211 nes
217 2149 432 2213 suntin
487 2174 801 2237 magnete,
852 2176 979 2237 quae
1027 2179 1144 2217 non
1195 2157 1524 2238 confundi,
1571 2161 1666 2224 sed

70 2238 317 2322 separari
368 2242 574 2303 debeat
621 2291 637 2316 ,
690 2241 829 2303 licet
873 2244 1191 2308 admiratio
1240 2246 1550 2311 hominurn
1601 2253 1662 2313 δε

72 2327 265 2411 stupor
291 2352 384 2390 eas
432 2330 910 2394 commiscuerit.
963 2338 1139 2411 Una,
1188 2335 1493 2400 Coitionis
1542 2360 1665 2402 ma-

71 2415 262 2501 gnetis
287 2419 356 2481 ad
407 2441 782 2505 magnetem,
834 2422 928 2483 vel
954 2423 1116 2485 Ferri
1169 2427 1237 2488 ad
1279 2440 1660 2512 magnetem,

73 2507 169 2565 vel
216 2506 353 2569 ferri
384 2510 567 2570 exciti
619 2512 685 2572 ad
736 2509 996 2578 ferrum.
1047 2515 1351 2592 Secunda,
1404 2516 1660 2579 Vertici-

0 2620 2 2657 z
76 2593 210 2656 tatis
234 2597 354 2680 ejus
402 2598 472 2660 ad
516 2600 957 2682 Septentriones
1006 2605 1065 2663 δε
1114 2605 1433 2681 Austrum,
1483 2626 1659 2688 atque

0 2718 2 2758 ρ
74 2681 244 2744 fimul·
286 2686 701 2750 declinationis
749 2693 907 2772 ejus·
955 2692 1167 2754 Tertia
1219 2743 1234 2771 ,
1286 2694 1653 2756 Penetratio·

0 2882 4 2912 t

0 2792 3 2829 ε
74 2770 165 2832 nis
189 2773 309 2854 ejus
358 2799 458 2860 per
483 2779 713 2840 Aurum
742 2828 756 2854 ‚
812 2779 1052 2842 Vitrum
1083 2835 1103 2866 ,
1150 2783 1478 2868 Lapidem,
1525 2806 1657 2844 om-

72 2859 208 2923 nia.
258 2866 485 2942 Quarta
534 2918 556 2951 ,
626 2868 1188 2935 communicationis
1240 2872 1479 2958 virtutis
1526 2873 1651 2952 ejus

1495 2962 1564 3023 de

1774 2691 1932 2816 ‘f‘

2119 199 2129 218 n
2119 141 2131 180 -e
2114 0 2131 134 :eat-2:3⁴.
