2098 3490
563 113 641 155 22

472 197 776 273 numerum
802 224 1071 288 augerent
1093 207 1486 289 operariorum
1513 261 1532 292 ,
1577 235 1750 301 atque
1772 219 1880 282 hoc
1908 245 2029 284 mo.
2057 225 2059 234 ’

472 290 549 350 do
573 289 627 351 se
651 289 845 353 valere
889 291 1038 376 poffe
1063 292 1457 379 confiderent,
1504 326 1696 366 annon
1723 328 1886 369 tanto
1910 333 2028 372 rna-

472 375 561 459 gis
605 377 625 440 ἓ
691 378 792 440 Sin
841 400 1037 441 autem
1085 382 1378 449 deleaestu‘m
1422 393 1709 473 quendam
1755 395 2065 490 adhibere3

473 464 735 545 vellent,
780 487 956 547 atque
1000 467 1417 536 imbecilliores
1443 480 1734 560 separare,
1783 485 1839 544 ἃ
1867 486 2062 546 roba-¹

469 550 564 611 stis
589 571 814 613 tantum
842 557 898 613 δε
945 553 1277 639 vigentibus
1301 562 1425 637 uti,
1472 587 1640 650 atque
1668 569 1803 631 hinc
1830 571 2026 634 saltem

467 637 523 698 se
553 639 671 697 voti
720 661 1018 723 compotes
1062 643 1185 706 fore
1229 647 1514 728 sperarent
1541 703 1562 734 ‚
1609 678 1801 719 annon
1846 660 2029 720 adhuc
2060 679 2074 743 ᾖ

469 747 565 784 eos
591 725 896 805 impensius
937 728 1181 793 delirare
1224 733 1488 801 diceret?
1535 742 1697 818 Quin
1727 750 1902 806 etiarn
1928 795 1944 822 ‚
1995 745 2033 806 fi
2061 766 2087 814 ις

470 812 580 872 hoc
626 813 747 893 ipso
776 837 892 875 non
939 819 1202 882 contenti
1232 869 1249 896 ,
1297 846 1478 886 artem
1530 831 1760 891 tandem
1809 832 2066 902 athleti·„

465 919 595 958 carn
645 901 941 962 consulere
991 898 1301 968 statnerent'
1341 958 1358 986 ‚
1404 936 1468 972 ae
1521 937 1724 978 ornnes
1767 920 2039 1002 deinceps
2086 953 2091 980 2

470 986 777 1062 manibus,
827 992 880 1049 3<
929 989 1205 1069 lacertis,
1258 999 1312 1055 ὃ(
1357 1000 1552 1060 nervis
1597 1026 1668 1064 ex
1714 1026 1839 1067 arte
1888 1009 2034 1069 bene

470 1072 660 1133 υηᾶἰε
693 1121 708 1148 ,
757 1080 810 1135 &
862 1078 1207 1156 medicatis,
1255 1084 1437 1146 adeffe
1490 1089 1793 1167 juberent,
1842 1103 2095 1155 annon'¹

470 1161 699 1240 prorsus
742 1185 837 1221 eos
864 1164 999 1223 dare
1043 1187 1278 1244 operam
1308 1216 1326 1243 ‚
1374 1181 1452 1230 ut'
1481 1196 1613 1234 cum
1651 1177 1882 1240 ratione
1904 1204 2037 1263 qua·

463 1247 598 1305 darn
625 1250 679 1305 ἃ
710 1248 1009 1328 prudentia
1056 1250 1370 1315 insanirent
1396 1302 1414 1331 ‚
1463 1257 1785 1325 clamaret?
1833 1270 2037 1348 Atque

462 1331 728 1392 homines
753 1355 945 1394 tamen
977 1335 1145 1396 fimili
1173 1340 1462 1403 malesano
1501 1343 1725 1426 impetu
1752 1397 1769 1425 ,
1818 1352 1876 1412 δ(
1901 1375 2033 1414 con·

463 1417 779 1497 spiratione
804 1417 999 1479 inutili
1029 1469 1046 1496 ,
1094 1422 1356 1486 feruntur
1398 1428 1457 1488 in
1490 1434 2034 1524 intellegiuaiibusg

461 1505 598 1564 dum
627 1505 695 1563 ab
747 1504 1117 1588 ingeniorum
1151 1511 1242 1570 vel
1286 1513 1668 1581 multitudine
1717 1525 1772 1582 &
1800 1527 2050 1588 consen-·

462 1589 521 1651 su
547 1637 564 1664 ,
614 1590 707 1650 vel
730 1593 1078 1653 excellentia
1103 1597 1160 1655 ὅ(
1187 1599 1454 1662 acumine
1477 1649 1491 1676 ,
1524 1628 1731 1688 magna
1760 1611 2034 1698 sperant;

462 1698 558 1738 aut
602 1677 780 1738 etiarn
829 1678 1156 1744 Dialefflica
1209 1687 1379 1767 (quae
1426 1693 1681 1770 quaedam
1730 1699 2049 1772 Athietica,

465 1763 676 1824 censeri
728 1763 900 1846 poffit
939 1768 962 1845 )
1016 1768 1224 1829 mentis
1273 1794 1485 1837 nervos
1530 1782 1806 1843 roborant
1857 1812 1871 1846 2
1924 1791 2032 1849 Sed

466 1850 704 1909 interim
734 1895 750 1924 ‚
799 1849 943 1913 licet
990 1874 1154 1915 tanto
1178 1857 1359 1919 studio
1384 1864 1440 1921 &
1490 1884 1699 1928 conatu
1726 1915 1743 1944 ‚
1792 1871 1875 1951 (fi
1903 1876 2035 1956 quis

467 1958 602 1996 vere
633 1936 1021 2017 judicaverit)
1072 1941 1442 2009 intelleffium
1483 1953 1694 2015 nudum
1742 1957 2034 2041 applicare

461 2044 576 2082 non
623 2023 924 2090 definunt.
979 2029 1508 2097 Manifestiffimum
1561 2062 1754 2102 autem
1803 2044 1923 2123 est,
1968 2047 2030 2109 in

462 2110 620 2170 omni
648 2134 820 2191 opere
868 2135 1119 2199 magno,
1167 2121 1323 2199 quod
1350 2143 1551 2184 manus
1594 2127 1851 2191 homiuis
1895 2156 2033 2217 prae..

460 2198 602 2271 stat,
654 2192 766 2260 fine
813 2198 1207 2263 instrumentis
1251 2209 1311 2265 δί’
1354 2209 1685 2286 machini3‚
1733 2216 1884 2279 vires
1925 2244 2030 2283 nec

463 2281 809 2364 singulorum
845 2285 1108 2363 intendi,
1157 2313 1264 2352 nec
1286 2294 1552 2356 omnium
1580 2300 1738 2363 coire
1764 2304 1917 2386 poffe
1943 2356 1959 2372 .

551 2376 868 2455 ltaquefx
896 2375 982 2436 his
1008 2399 1131 2458 quae
1174 2378 1427 2442 diximus
1452 2386 1745 2464 praemiffis
1767 2440 1790 2472 ,
1837 2391 2029 2454 statui-

461 2478 626 2530 muS,
673 2460 807 2518 duas
853 2461 960 2521 effe
1009 2487 1139 2545 res,
1185 2466 1254 2527 de
1296 2467 1504 2548 quibus
1547 2471 1815 2537 homines
1860 2479 2029 2560 piane

464 2543 715 2603 monitos
742 2546 1009 2608 volumus
1033 2597 1047 2624 ,
1097 2574 1167 2613 ne
1189 2551 1338 2615 forte
1361 2553 1473 2617 illae
1495 2580 1592 2621 eos
1613 2559 1838 2645 fugiant
1863 2612 1879 2641 ‚
1926 2590 2025 2629 aut

460 2649 835 2708 praetereunt.
883 2637 1147 2713 Quarum
1171 2638 1357 2722 prima
1404 2643 1726 2726 hujusmodi
1753 2651 1881 2736 est3
1929 2653 2026 2714 fie-

456 2716 508 2775 ri
533 2714 652 2777 fato
675 2719 921 2801 quodam
973 2726 996 2805 (
1020 2746 1080 2786 ut
1103 2726 1545 2814 existimamus]
1595 2735 1748 2799 bono
1770 2785 1787 2813 ,
1833 2739 1902 2801 ad
1927 2761 2022 2803 ex.

457 2801 791 2885 tinguendas
817 2809 874 2868 δε
899 2808 1256 2893 depellendas
1282 2820 1807 2901 contradiffioneS,
1855 2827 1911 2885 &
1937 2847 2027 2890 tu.

1809 2932 1934 2973 mo·
