2131 3573
335 137 710 209 NOVUM
766 143 1588 231 ORGANUM.341

0 180 9 303 l
59 248 434 338 ΐῖαηᾱεβίηιε
481 312 499 341 ,
566 261 914 338 Monodicae,
963 263 1219 323 Foederis
1266 285 1291 320 .·
1340 281 1434 324 aut
1487 261 1693 324 Gradu

0 384 7 435 J
68 350 392 430 ProximO,
443 374 506 414 ut
540 350 989 424 Constitutivae:
1036 371 1136 412 aut
1184 351 1385 413 Gradu
1438 349 1697 434 infime,-

0 470 13 501 ;·
70 442 134 503 ut
178 442 491 520 Conformes
536 461 561 499 .·
609 460 711 501 aut
780 439 1164 504 refflificando
1232 439 1610 503 intelleeium
1660 463 1696 502 a

0 553 12 614 'l
68 530 402 607 consuetis,
452 550 513 592 ut
540 529 858 591 Deviantes
900 555 925 590 .·
972 548 1070 593 aut
1118 531 1388 592 ducendo
1439 531 1507 592 ad
1550 534 1699 592 For-

0 621 13 692 ‘f
77 644 238 682 mam
269 624 555 704 Magnam
583 667 602 696 ,
652 617 766 680 slve
797 619 1107 682 Fabricam
1137 618 1415 682 Universl
1443 668 1460 696 ,
1509 640 1569 680 ut
1596 618 1700 679 Li.

0 721 9 781 l·
68 712 322 771 mitaneae
363 730 392 767 .·
439 729 536 770 aut
564 709 827 770 cavendo
876 710 944 771 de
973 709 1212 774 Formis
1261 705 1545 775 &Caufis
1591 705 1694 768 fal..

0 807 7 858 l
67 797 178 874 sm,
227 816 289 858 ut
332 799 529 859 Crucis
577 801 633 859 δ(
662 799 964 861 Divortii.
1016 798 1196 875 Quod
1245 821 1387 859 vero
1438 798 1506 859 ad
1532 799 1693 880 Ope-

0 907 5 943 :
65 887 322 948 rativam
369 888 634 972 attinet3
685 885 801 948 illae
831 885 1163 947 Praffticam
1218 885 1689 969 autdefignant,

0 1000 9 1058 ε
62 996 162 1037 aut
189 973 567 1051 mensurant,
615 997 712 1037 aut
758 973 1108 1040 sublevant.
1167 974 1489 1061 Defignant
1519 1023 1534 1050 ,
1586 996 1687 1035 aut

0 1085 11 1125 ῑ
64 1064 419 1126 ostendendo
465 1088 497 1124 a
565 1065 779 1145 quibus
830 1063 1235 1144 incipiendum
1287 1110 1302 1137 ,
1374 1062 1694 1124 ne'afflum

0 1183 8 1255 ι
69 1173 360 1236 a·;gamus
386 1169 449 1211 ut
474 1149 755 1224 Instantiae
777 1149 1076 1223 Potestatis
1122 1171 1147 1208 .·
1197 1153 1393 1213 autad
1437 1149 1580 1235 quid
1605 1151 1700 1213 ad-

0 1266 7 1300 ,·
68 1240 404 1323 spirandum
454 1287 470 1314 ‚
543 1237 582 1299 fi
628 1240 798 1300 detur
842 1237 1092 1301 facultas
1141 1287 1156 1314 ,
1229 1261 1295 1301 ut
1341 1244 1635 1302 Ianua-mes
1674 1291 1691 1306 .

0 1364 7 1385 .
72 1328 419 1392 Mensurant
443 1327 834 1410 quatuorillae
861 1328 1320 1391 Mathematicae.
1371 1330 1697 1393 Sublevant

0 1422 5 1475 Ξ
72 1420 178 1481 Pol
167 1416 432 1500 ycbrestae
477 1416 858 1495 &Magicae.

162 1505 379 1568 Rursus
403 1527 475 1566 ex
527 1502 646 1565 istis
670 1501 969 1577 Instantiis
1001 1523 1081 1587 27
1130 1503 1549 1569 nonnullarum
1576 1488 1693 1590 (ut

0 1593 5 1658 l
68 1594 330 1677 superius
358 1592 619 1656 diximus
644 1594 714 1654 cle
762 1590 1114 1676 aliquibus)
1162 1591 1434 1659 facienda
1459 1596 1536 1657 est
1562 1599 1705 1658 Col-

0 1685 5 1754 l
68 1684 253 1748 lefflo
302 1685 419 1766 jam
472 1684 545 1744 ab
595 1680 827 1765 initia,
876 1702 982 1744 nec
1013 1682 1397 1766 Expefflanda
1449 1683 1704 1768 particu-

0 1797 3 1848 ς
67 1772 209 1836 laris
257 1771 550 1857 Inquifito
602 1776 1012 1834 Naturarum.
1061 1771 1248 1855 Cujus
1296 1774 1522 1859 generis
1571 1774 1703 1837 sunt

0 1866 4 1926 ’.
71 1863 357 1937 Instantiae
396 1861 750 1937 conformes,
800 1860 1145 1939 Monodicae,
1197 1867 1279 1921 De
1260 1865 1556 1940 viantes,
1605 1867 1702 1924 Li-

0 1980 3 2010 t
72 1953 370 2024 mitaneae,
420 1950 719 2022 Potestatis
763 1998 780 2025 ‚
834 1956 1040 2028 Januae
1086 1999 1101 2025 ,
1151 1953 1485 2030 Innuentes,
1536 1959 1699 2031 Poly·

0 2055 1 2087 ἒ
76 2040 294 2123 crestae,
343 2041 624 2124 Magicae.
675 2042 822 2102 Haec
871 2041 1031 2101 enim
1084 2062 1179 2100 aut
1227 2041 1592 2107 auxiliantur
1629 2032 1699 2109 i&

80 2130 395 2193 medentur
442 2128 785 2192 Intellefiui
841 2130 897 2189 &
944 2130 1142 2191 Sensui
1196 2153 1216 2217 3
1266 2152 1364 2193 aut
1409 2131 1702 2198 instruunt

82 2217 304 2282 Praxin
355 2216 417 2280 in
463 2242 713 2304 genere.
766 2217 1033 2304 Reliquae
1100 2239 1226 2281 tum
1276 2222 1523 2284 demum.
1568 2249 1704 2289 conq

79 2307 377 2393 quirendae
424 2307 596 2385 sunt,
651 2331 784 2370 cum
834 2306 1225 2371 conficiemus
1268 2313 1521 2374 Tabulas
1543 2320 1701 2376 Com.

73 2418 349 2482 parenttae
394 2399 460 2460 ad
511 2422 655 2483 opus
686 2398 1031 2483 Interpretis
1081 2399 1238 2461 circa
1284 2400 1546 2485 aliquam
1575 2408 1699 2467 Na·

81 2509 275 2548 turam
305 2487 761 2570 particularem.
810 2490 956 2549 Sunt
984 2486 1143 2548 enim
1189 2489 1474 2565 Instantzae
1495 2499 1698 2555 Praero

75 2578 303 2659 garivis
351 2578 471 2650 istzs
518 2577 804 2662 insignita:
855 2579 912 2638 8<
958 2578 1187 2639 donatae
1233 2579 1474 2644 Animae
1524 2581 1701 2645 instar

80 2668 238 2727 inter
286 2667 552 2751 vulgares
606 2667 908 2728 instantias
955 2663 1397 2750 Comparentiae
1450 2693 1464 2731 :
1518 2676 1596 2732 Et
1637 2698 1698 2735 ut

87 2756 159 2815 ab
210 2753 389 2818 initio
453 2756 721 2819 diximus
765 2805 781 2832 ‚
850 2779 1044 2841 paucae
1089 2755 1326 2822 illarum
1395 2757 1524 2820 sunt
1569 2760 1700 2828 vice

87 2841 449 2911 multarum.
497 2846 795 2924 Quocirca
846 2868 980 2908 cum
1005 2849 1258 2907 Tabulas
1305 2845 1697 2930 conficImuS‚

84 2931 199 3001 illae
226 2934 393 2997 omni
441 2933 625 3005 studio
651 2935 779 2998 sunt
828 2934 1243 3019 investigandae
1272 2984 1287 3012 ,
1338 2936 1480 3000 &in
1511 2942 1699 3004 Tubu,

965 3027 1017 3085 Y
1114 3049 1147 3110 3
1519 3029 1604 3090 las
