2131 3573
366 100 737 158 NOVUM
774 101 1351 162 ORGANUM.
1472 95 1588 183 ὴὲ

174 203 427 273 Primum
463 209 764 292 frugiferos
779 208 956 286 foetus
1004 216 1328 273 mortalibus
1350 215 1510 295 aegris

174 300 519 363 Didideritr'tt
545 299 821 378 quondam
858 296 1142 381 prestanti
1165 302 1382 361 nomine
1403 303 1686 367 Athena-'⁶

173 396 254 452 Et
300 391 995 452 RECREAVERUNT
1030 386 1217 451 ⁴‘m‘tam
1245 436 1264 466 ‚
1306 392 1553 475 legesque
1598 420 1688 456 ro.

258 490 504 562 garunt'.
1239 538 1243 542 .

177 572 378 651 Atque
422 565 658 627 videtur
702 586 905 629 notatu
949 566 1258 654 dignum
1243 592 1304 632 ιη
1349 570 1687 651 Solomone,-

74 651 243 743 quod
266 676 398 717 cum
430 655 733 738 Imperio,
782 660 995 733 Aure,
1014 619 1496 744 ”magnificentia
1522 664 1688 744 Ope·

88 768 239 827 rum,
247 734 542 805 satellitio
565 791 582 820 ,
609 745 937 808 famulitio
951 745 1166 823 ,Classe
1192 748 1444 833 insuper,
1474 752 1531 810 δε
1561 752 1688 813 Νο-

84 832 256 896 minis
278 831 596 910 claritate,
644 858 710 897 ac
737 835 962 899 summa
990 835 1305 900 hominum
1337 837 1686 901 admiratio-

78 946 148 984 ne
173 910 451 1006 floreret,
499 942 697 986 tamen
721 920 877 986 nihtl
902 925 1113 989 horum
1139 923 1430 1012 delegerit
1480 925 1584 990 fib1
1611 928 1686 990 ad

74 1009 374 1096 gloriam,
423 1012 517 1076 sed
565 1012 646 1077 ita
696 1012 1223 1098 pronuntiaverit:
1274 1019 1524 1079 Gloriam
1570 1019 1683 1080 Dei

73 1100 212 1183 effe,
264 1099 460 1164 celare
458 1126 631 1180 rem;
645 1105 889 1186 gloriam
915 1107 1133 1186 Regis,
1181 1103 1523 1191 investigare
1546 1128 1680 1173 rem.

64 1267 70 1277 ·
163 1189 414 1253 Rursus
439 1190 525 1272 (si
552 1189 792 1272 placet)
842 1212 1071 1275 reputet
1109 1193 1400 1277 quispiam
1427 1245 1450 1276 ,
1496 1217 1681 1278 quan·

73 1299 200 1340 tum
251 1275 525 1374 interfit
509 1298 671 1340 inter
719 1277 1030 1341 hominum
1062 1301 1248 1342 vitam
1298 1304 1362 1343 1n
1403 1283 1681 1346 excultis-

77 1366 262 1428 sima
258 1363 545 1451 quapiam
596 1364 846 1447 Europa».
896 1367 1221 1426 Provincia
1265 1389 1287 1441 ·,
1340 1372 1396 1428 &
1447 1370 1507 1430 in
1561 1375 1677 1434 Re·-

67 1454 251 1544 ¹gioue
302 1454 519 1538 aliqua
527 1450 925 1513 Novaelndiae
978 1452 1241 1512 maxime
1289 1451 1493 1516 fera&
1549 1460 1676 1519 bar

76 1549 252 1609 bara:
309 1546 395 1606 Ea
420 1558 651 1603 tantum
700 1538 938 1602 diffetre
979 1541 1387 1619 existimabit,
1439 1564 1502 1605 ut
1553 1570 1675 1608 me-

67 1633 191 1694 'rito
212 1632 507 1695 Hominem
557 1630 768 1690 homini
792 1634 969 1691 Deum
988 1629 1131 1713 effe,
1183 1654 1300 1693 non
1328 1632 1514 1695 solum
1544 1658 1676 1719 pro-

69 1743 196 1802 pter
242 1718 539 1785 auxilium
590 1721 650 1782 ὅ(
699 1717 1057 1782 beneficium
1108 1769 1124 1795 ‚
1193 1720 1288 1782 sed
1335 1719 1519 1783 etiam
1570 1722 1672 1807 per

72 1810 246 1873 status
294 1808 808 1893 comparationem
837 1857 853 1886 ,
903 1809 1060 1869 recte
1106 1808 1226 1871 dici
1277 1809 1449 1894 poffit
1494 1865 1507 1879 .
1558 1818 1645 1875 At

56 1902 181 1983 'que
232 1900 398 1980 hoc,
448 1918 566 1958 non
592 1895 883 1974 Solum,
889 1920 1004 1959 non
1030 1897 1316 1977 Coelum,
1366 1923 1485 1962 non
1511 1906 1662 1965 Cor·

71 2009 263 2073 pora,
314 1987 409 2051 sed
437 1990 621 2048 Artes
671 1988 982 2069 praestant.
1098 2049 1106 2065 ,

65 2135 94 2143 ..
159 2078 374 2140 Rursus
419 2124 436 2151 ‚
489 2075 613 2136 vim
663 2077 721 2136 ὃς
773 2068 1055 2138 virtutem
1103 2079 1162 2138 δε
1212 2048 1660 2180 consequentiae

76 2168 301 2229 Rerum
354 2163 734 2228 inventarum
763 2188 971 2251 notare
1021 2167 1229 2249 juvat:
1276 2191 1404 2251 quae
1430 2192 1547 2231 non
1598 2171 1661 2234 in

71 2255 203 2318 aliis
231 2248 592 2319 manifestius
638 2276 1002 2335 occurrunt,
1051 2278 1227 2341 quam
1274 2255 1336 2318 in
1387 2257 1507 2319 illis
1558 2258 1666 2321 tri

65 2346 221 2436 buS,
269 2370 396 2431 quae
425 2345 755 2430 Antiquis
762 2309 1120 2432 incognitae,
1169 2344 1547 2432 &quarum
1554 2348 1668 2432 pri-

60 2428 306 2508 smordia
348 2452 378 2514 ²,
430 2434 568 2497 licet
615 2436 875 2498 recentia
901 2484 942 2510 ,
995 2436 1249 2497 obscura
1300 2438 1359 2497 &
1410 2435 1670 2522 ingloria

72 2521 200 2583 sunt
246 2548 272 2584 .·
328 2526 520 2587 Artis
568 2523 854 2607 nimirum
902 2526 1322 2609 Imprimendi,
1392 2524 1663 2588 Pulveris

62 2613 1656 2710 ‘Tormentariss&AcustcecaeHaece11imtria‚

76 2722 270 2762 rerum
320 2703 536 2766 faciem
564 2705 621 2765 8<
674 2704 923 2767 statum
910 2728 969 2765 1n
984 2704 1161 2766 Orbe
1211 2703 1503 2768 terrarum
1533 2702 1660 2767 rnu-

75 2809 392 2854 taverunt:
448 2793 750 2875 primum,
803 2795 861 2857 in
912 2798 998 2855 Re
1042 2793 1341 2858 Literaria
1388 2819 1408 2880 3
1460 2794 1661 2855 secun-

54 2873 255 2959 ‘dum‘,
306 2882 367 2945 in
395 2880 484 2943 Re
520 2875 801 2948 Bellica:
856 2883 1100 2948 tertium
1130 2933 1145 2962 ,
1195 2883 1254 2948 in
1307 2879 1657 3000 Njaffigassffi‘

1370 2972 1573 3035 nibeis:
