2131 3573
386 110 751 179 NOVU'M
803 109 1377 174 ORGANUM.
1473 127 1595 190 215

112 253 313 299 nemus
339 229 471 294 loco
495 249 650 292 nono
671 224 973 297 Instantias
997 226 1346 286 Limitaneas
1371 246 1393 306 3
1442 246 1581 305 quas
1603 243 1685 284 et-

113 325 233 386 iam
282 321 594 402 Participia
638 335 848 374 vocare
894 312 1344 377 consuevimus,
1398 315 1494 372 Eae
1540 334 1685 372 vero

102 411 234 475 sunt
281 432 392 493 que
416 406 697 469 exhibent
744 401 955 484 species
981 405 1314 483 Corporum
1358 400 1499 460 tales
1525 448 1542 474 ‚
1568 421 1680 478 que

105 501 380 561 videntur
425 493 534 555 effe
577 489 911 575 compositae
937 514 1008 551 ex
1056 488 1353 574 speciebus
1397 488 1618 548 duabus
1668 536 1688 565 ,

104 588 563 653 velRudimenta
608 581 766 641 inter
791 579 1036 662 speciem
1091 600 1263 640 unam
1293 578 1349 636 &
1396 573 1683 636 alteram.

105 678 204 754 He
255 697 392 736 vero
418 669 697 746 Instanti}²
746 666 901 730 inter
923 667 1225 742 Instantius
1259 666 1581 726 Monodicas
1620 661 1685 722 sx-

105 787 178 826 ve
202 761 562 824 Heteroclitas
588 759 746 820 recle
773 756 1059 818 numerari
1092 754 1494 838 poffunt.Sunt
1519 751 1679 812 enim

105 856 166 919 in
193 848 570 918 univerfitate
618 869 809 907 rerum
842 850 993 923 Rare
1043 847 1096 905 δ(
1127 840 1614 917 Extraordinarie
1667 890 1682 905 .

101 944 211 1008 Sed
255 962 453 1004 tamen
479 942 556 999 ob
580 935 938 1020 dignitatem
968 982 983 1009 ,
1034 931 1266 995 seorsim
1292 929 1597 1007 traetande
1625 931 1682 990 δ(

100 1031 362 1116 ponende
411 1027 537 1090 sunt
567 1076 581 1090 .
632 1024 882 1108 Optime
909 1021 1067 1085 enim
1119 1016 1691 1102 indicantcompofi-

97 1122 323 1182 tionem
371 1120 428 1176 δε
476 1113 763 1174 fabricam
811 1134 1049 1184 rerum,
1100 1113 1156 1169 &
1203 1111 1453 1170 innuunt
1498 1105 1690 1167 causas

99 1204 357 1272 Numeri
409 1205 463 1262 3<
492 1197 821 1279 Qualitatis
848 1197 1186 1281 Specierum
1232 1194 1684 1256 Ordinariarum

99 1297 163 1359 in
214 1289 509 1358 Universo
557 1337 572 1364 ‚
623 1289 681 1348 &
726 1287 1017 1348 deducunt
1068 1282 1449 1349 Intellefflum
1496 1284 1570 1343 ab
1614 1305 1685 1344 eo

99 1383 259 1470 quod
306 1381 423 1455 est,
472 1376 624 1437 adid
671 1375 827 1455 quod
854 1371 963 1431 effe
1010 1372 1234 1451 potest.

188 1474 415 1533 Harum
445 1460 730 1541 Exempla
757 1459 882 1518 sunt
913 1481 927 1518 :
981 1456 1255 1529 Muscus‚
1305 1454 1462 1516 inter
1488 1458 1689 1524 Putre.

98 1559 295 1624 dinem
325 1560 380 1617 δ(
412 1553 677 1613 Plantam
708 1572 729 1633 3
756 1550 1008 1622 Comere
1037 1542 1342 1620 nonnulli,
1371 1544 1522 1605 inter
1545 1546 1688 1605 Stel-

100 1650 183 1711 las
228 1649 286 1708 &
326 1645 599 1704 Meteora
645 1636 880 1722 ignita3
934 1634 1123 1695 Pisces
1171 1632 1483 1710 volantes,
1530 1633 1689 1695 inter

97 1740 264 1800 Aves
311 1734 369 1793 δε
400 1726 638 1810 Pisces3
689 1721 1154 1808 Vespertiliones
1180 1772 1201 1803 ‚
1248 1720 1403 1782 inter
1427 1727 1591 1784 Aves
1630 1725 1689 1784 δε

101 1819 522 1905 Quadrupedes
550 1841 563 1878 :
615 1812 815 1876 Etiam

274 1909 456 1972 Simia
496 1926 660 1987 quam
694 1899 906 1976 similis
930 1898 1238 1983 turpiffima
1285 1898 1456 1974 bestia
1481 1900 1637 1961 nobis
1657 1927 1694 1978 ,-

102 2001 163 2063 &
194 2003 401 2060 Partus
426 1990 804 2066 Animalium
845 1987 1125 2050 biformes
1151 2035 1168 2065 ,
1215 1990 1272 2051 ὃς
1298 1988 1592 2052 commisti
1619 2012 1693 2051 ex

102 2087 400 2174 speciebus
445 2079 731 2166 diverfis;
780 2081 836 2140 8<
866 2076 1076 2138 similia
1102 2123 1117 2138 .

194 2176 428 2239 XXXI.
480 2175 640 2232 Inter
661 2167 1075 2250 Praerogativas
1099 2164 1490 2237 instantiarum
1518 2188 1694 2250 pone-

103 2287 234 2327 mus
276 2262 513 2324 decimo
559 2260 691 2320 loco
717 2257 989 2331 Instantia
1033 2253 1379 2338 Potestatis,
1431 2254 1544 2316 five
1566 2259 1680 2315 Fa.

96 2353 293 2437 Jcium,
319 2350 579 2433 (sumpto
607 2345 895 2409 vocabulo
922 2345 994 2406 ab
1025 2341 1351 2428 Insignibus
1381 2343 1689 2426 Imperii;)

102 2465 243 2526 quas
268 2439 441 2503 etiam
467 2437 702 2520 Ingenia
728 2484 743 2512 ‚
795 2433 906 2495 five
932 2437 1147 2494 Manus
1170 2432 1428 2493 Hominis
1452 2485 1472 2515 ‚
1498 2437 1690 2517 appel-

107 2530 230 2590 lare
275 2527 724 2591 consuevimus,
777 2528 857 2602 Ες
886 2522 1011 2585 sunt
1039 2524 1233 2605 Opera
1279 2520 1542 2584 maxime
1587 2545 1690 2584 no-

111 2616 256 2680 bilia
280 2620 340 2679 &
388 2615 640 2702 perfeE’m
666 2663 683 2693 ‚
732 2616 788 2676 &
818 2632 1097 2694 tanquam
1122 2608 1332 2672 ultima
1356 2610 1417 2672 in
1443 2631 1692 2693 unaqua-

108 2729 225 2789 que
270 2709 463 2768 Arte.
512 2707 669 2768 Cum
711 2701 875 2766 enim
923 2701 1032 2761 hoc
1060 2719 1261 2785 agatur
1305 2698 1580 2784 precipue
1629 2717 1692 2758 ut
1871 2697 1896 2732 ²⁸
2014 2748 2029 2773 ,

112 2797 344 2858 Natura
388 2804 589 2878 pareat
638 2794 810 2855 rebus
854 2792 911 2852 δε
957 2787 1285 2850 commodis
1330 2785 1599 2851 humanis
1669 2807 1694 2872 3

110 2882 565 2947 consentaneum
589 2881 665 2944 est
713 2877 936 2967 prorsus
962 2926 978 2956 ,
1029 2897 1088 2938 ut
1111 2880 1306 2961 Opera
1335 2927 1349 2954 ‚
1399 2898 1507 2960 que
1537 2876 1679 2949 jam-

1034 2968 1093 3027 Ο
1184 2989 1228 3049 4
1492 2985 1610 3048 pri·
1735 2952 1748 2992 '
