2131 3573
393 109 759 166 NOVUM
793 115 1367 188 ORGANUM.
1500 149 1622 215 233

150 212 412 279 diximus
454 267 474 296 ‚
523 220 916 303 Progreffivus
961 276 974 288 .
1027 233 1186 294 Tum
1234 259 1375 300 vero
1423 241 1533 304 erit
1580 248 1722 310 Tri.

149 302 315 365 vium
363 306 515 368 circa
564 307 707 368 hanc
738 313 1030 379 Naturam
1080 322 1232 384 tale.
1285 328 1533 393 Nec-effe
1575 337 1654 398 est
1701 384 1721 413 ‚

144 413 208 452 ut
236 395 437 456 Motus
483 395 624 470 iste,
677 420 779 480 per
804 424 981 485 quem
1009 411 1184 497 Αςυς
1234 412 1296 474 in
1323 416 1609 485 fluxibus
1656 427 1723 487 δε

142 479 491 544 Refluxibus
514 482 567 544 se
613 487 939 571 attollunt,
988 499 1265 563 &rursus
1308 503 1649 574 relabuntur
1695 563 1718 591 ,

138 569 354 652 absque
399 569 510 632 alia
559 575 880 642 acceffione
926 587 1237 669 Aquarum
1307 592 1558 657 aliarum
1603 623 1721 682 queg

137 658 570 735 advolvuntur,
621 661 716 726 fiac
747 690 847 748 per
897 695 1072 735 unum
1102 701 1175 739 ex
1226 678 1313 741 his
1358 683 1543 747 tribus
1593 711 1716 750 mo-

131 744 263 828 disg
312 745 403 805 vel
449 752 604 830 quod
653 752 757 816 ista
802 781 1087 842 aquarum
1138 769 1307 850 copia
1351 794 1588 838 emanet
1635 800 1715 842 ex

128 830 511 897 interioribus
536 841 720 920 Terre
747 893 763 922 ,
815 850 872 908 &
899 851 1092 912 rursus
1145 853 1205 914 in
1232 856 1332 920 illa
1358 859 1412 921 se
1436 864 1712 959 recipiiatg

116 1115 180 1156 to
205 1097 349 1180 suo)
400 1108 789 1171 extendantur
811 1159 828 1187 ,
881 1114 996 1176 five
1020 1119 1294 1183 rarefiant
1321 1172 1340 1200 ‚
1386 1127 1470 1188 ita
1497 1151 1558 1189 ut
1585 1153 1705 1192 rna-

113 1188 304 1268 jorern
351 1187 550 1253 locum
579 1195 636 1253 δε
663 1196 1086 1266 dimensionem
1112 1230 1402 1291 occupent
1428 1266 1450 1297 3
1499 1219 1557 1278 8<
1582 1242 1705 1287 rur-

113 1271 203 1334 sus
228 1273 282 1334 se
332 1279 737 1368 contrahant3
787 1289 880 1350 vel
907 1294 1062 1374 quod
1110 1319 1215 1358 nec
1240 1302 1434 1384 Copia
1461 1310 1702 1371 accedat

113 1363 303 1442 major
327 1412 344 1438 ,
395 1389 501 1427 nec
550 1371 828 1431 Extenfio
875 1380 1134 1460 amplior
1157 1431 1173 1458 ‚
1222 1386 1318 1448 sed
1363 1393 1564 1466 eedem
1610 1402 1699 1459 A·

107 1624 346 1709 desuper
368 1651 463 1690 eas
490 1633 885 1698 attrahentem
915 1688 931 1716 ,
983 1644 1039 1702 8<
1063 1668 1414 1713 evocantem
1443 1703 1458 1730 ‚
1505 1659 1562 1719 δε
1590 1683 1694 1741 per

100 1715 460 1778 Consensum
490 1720 542 1780 se
567 1724 845 1786 attollant
871 1775 886 1802 ,
938 1732 994 1789 8<
1020 1732 1229 1799 deinde
1258 1737 1311 1798 se
1335 1744 1647 1809 remittant
1669 1798 1688 1812 .

97 1805 306 1886 Itaque
329 1808 686 1891 reducatur(
712 1811 745 1872 si
777 1815 962 1895 placet
988 1819 1009 1897 )
1034 1822 1146 1899 jam
1178 1828 1492 1911 inquiritio
1524 1837 1687 1918 (mis-

62 1900 67 1904 ’
95 1888 164 1951 fis
187 1895 411 1956 duobus
437 1895 555 1957 illis
581 1900 853 1964 Motibus
879 1906 1217 1994 prioribus)
1268 1919 1336 1977 ad
1366 1918 1518 1983 hunc
1547 1926 1685 1988 ulti-

94 2001 259 2041 mum
286 2005 308 2065 3
357 1986 414 2044 δε
463 1984 803 2069 inquiratur
833 1991 870 2051 fi
900 1992 1000 2056 fiat
1028 1999 1223 2086 aliqua
1250 2005 1385 2068 talis
1411 2012 1681 2083 Sublatio

94 2089 197 2150 per
220 2071 577 2134 Consensum
609 2125 624 2152 ‚
675 2077 789 2140 five
823 2081 942 2144 vim
976 2088 1389 2173 Magneticam
1423 2148 1439 2163 .
1479 2104 1674 2187 Atqui

91 2155 286 2238 primo
314 2162 679 2226 manifestum
709 2170 787 2230 est
812 2219 827 2244 ,
879 2173 1174 2239 universas
1202 2185 1408 2266 Aquas
1436 2236 1452 2263 ‚
1505 2212 1678 2270 prout

86 2265 387 2326 ponuntur
434 2250 492 2311 in
526 2254 689 2317 Fossa
716 2306 732 2332 ‚
784 2258 896 2320 five
924 2266 1094 2326 Cavo
1121 2270 1312 2332 Maris
1340 2322 1356 2349 ,
1406 2297 1521 2337 non
1553 2284 1676 2360 pos-

85 2331 141 2392 se
187 2333 351 2397 fimul
401 2342 642 2420 attolli,
693 2346 830 2430 quia
880 2351 1089 2415 deesset
1139 2362 1294 2441 quod
1340 2362 1674 2430 succederet

84 2419 147 2481 in
195 2422 423 2513 fund03
471 2432 615 2492 adeo
642 2456 702 2494 ut
754 2435 789 2496 fi
818 2437 967 2505 foret
993 2442 1051 2502 in
1082 2448 1276 2530 Aquis
1323 2451 1539 2536 aliquis
1564 2457 1670 2518 hu-

84 2508 330 2590 jusmodi
383 2520 749 2601 appetitusfe
795 2529 1155 2610 attollendi,
1201 2535 1301 2598 ille
1327 2539 1445 2624 ipse
1470 2564 1666 2605 tamen

82 2619 114 2656 a
144 2599 320 2664 Nexu
352 2627 559 2670 -rerum
591 2660 605 2686 ,
659 2611 774 2674 {ive
825 2619 930 2698 (ut
982 2622 1157 2706 vulgo
1182 2623 1546 2711 loquuntur)
1590 2657 1662 2694 ne

3 2696 9 2697 ’
80 2685 541 2757 deturVacuum
570 2750 589 2780 ,
639 2700 855 2765 fractus
880 2706 1032 2769 foret
1060 2713 1116 2771 ὃς
1166 2715 1500 2781 cohibituS.
1545 2724 1661 2784 Re-

77 2772 410 2859 linquitur,
460 2807 520 2844 ut
545 2791 890 2855 attollantur
928 2802 1117 2882 Aquae
1164 2824 1235 2865 ex
1285 2806 1480 2888 aliqua
1531 2807 1658 2890 par!

78 2879 176 2940 te,
226 2867 283 2927 δε
329 2891 429 2952 per
475 2872 584 2936 hoc
629 2879 970 2947 minuantur
1017 2891 1306 2955 &cedant
1355 2918 1423 2955 ex
1475 2896 1587 2958 alia
1634 2949 1653 2969 .

1360 2987 1561 3047 Enim-

1729 2906 1756 2961 J

1844 2665 1903 2750 1
