2131 3573
100 73 107 97 l

105 108 109 125 '
316 128 690 195 NOVUM
748 130 1334 201 oRGANUM.
1442 136 1525 218 63

105 246 368 314 LXXV.
417 241 616 307 Etiam
644 243 798 306 aliud
823 243 1066 329 Signum
1114 245 1462 329 capiendum
1488 251 1617 337 estg

12 336 114 424 iffi
140 338 316 399 modo
338 331 498 419 Signi
549 333 868 417 appellatio
896 336 1030 398 huic
1079 357 1424 422 competat3
1475 364 1613 403 curn

9 427 217 512 mutius
243 421 682 490 Testimonium
715 422 777 484 fit
809 474 829 507 ‚
879 446 1051 508 atque
1079 426 1221 488 adeo
1249 426 1620 491 testimonio.

0 496 152 762 ’τοττι
179 512 448 578 omnium
477 511 900 575 validiffimum
933 514 1001 602 3)
1052 514 1164 577 hoc
1213 514 1291 577 est
1318 565 1334 593 ,
1386 517 1621 600 propria

30 603 322 669 Confefflo
369 601 712 664 Authorum
761 650 778 679 ,
827 626 977 686 quos
1024 602 1298 666 homines
1344 627 1496 667 nunc
1541 605 1625 667 se-

30 714 317 780 quuntun
370 693 530 753 Nam
561 693 616 753 8<
647 691 737 754 illi
767 694 868 777 qui
898 714 1060 755 tanta
1112 692 1325 757 fiducia
1352 695 1421 757 de
1448 695 1624 758 rebus

29 779 402 868 pronuntiant
427 829 444 857 ‚
497 802 697 844 tamen
727 805 826 866 per
870 782 1189 846 interr-alla
1218 834 1235 861 ,
1286 807 1419 845 curn
1447 786 1515 846 ad
1567 782 1624 846 se

28 872 254 934 redeunt
280 917 299 947 ,
347 872 415 932 ad
443 871 852 955 querimonias
874 872 944 935 de
974 877 1220 935 Naturae
1247 873 1575 936 subtilitate
1604 920 1623 950 ,

27 963 234 1023 Rerum
281 959 684 1039 obscuritate,
735 963 1002 1024 Humani
1034 963 1259 1047 ingenii
1307 961 1624 1026 infirmita·

26 1071 73 1110 :e
97 1095 115 1125 ‚
163 1048 217 1111 se
243 1071 603 1113 convertunt
633 1102 648 1118 .
698 1053 836 1114 Hoc
865 1075 1009 1114 vero
1058 1051 1095 1113 fi
1125 1051 1473 1138 simpliciter
1522 1049 1624 1114 fie-

26 1157 97 1200 ·et
130 1189 152 1221 ,
201 1138 349 1200 alios
373 1138 608 1201 fortafl‘e
635 1188 653 1214 ‚
700 1140 802 1223 qui
832 1141 962 1203 sunt
1007 1141 1347 1204 timidiores
1376 1191 1392 1219 ‚
1441 1142 1512 1204 ab
1540 1140 1625 1204 ul-

24 1226 211 1287 teriori
260 1225 642 1310 inquisitione
668 1229 959 1290 deterrere
1001 1276 1017 1304 ,
1068 1230 1215 1290 alios
1260 1253 1406 1292 vero
1450 1278 1466 1306 ‚
1512 1229 1621 1314 qui

0 1316 139 1383 funt
167 1315 407 1400 ingenio
455 1314 726 1376 alacriori
756 1318 813 1376 δ(
844 1315 1029 1399 magis
1079 1315 1280 1378 fidenti
1311 1368 1326 1394 ‚
1377 1319 1445 1380 ad
1475 1318 1621 1380 ulte-

0 1403 229 1509 friorem
259 1402 620 1488 progressum
647 1425 853 1463 acuere
879 1406 936 1462 δε
966 1403 1215 1464 incitare
1243 1405 1414 1485 poffit
1438 1449 1452 1465 .
1500 1411 1621 1466 Ve-

0 1512 144 1556 trum
171 1515 288 1555 non
311 1492 445 1553 satis
469 1489 591 1551 illis
613 1487 692 1550 est
717 1536 734 1565 ‚
783 1490 853 1550 de
883 1490 934 1550 l'e
964 1488 1236 1550 confiteri
1268 1538 1284 1567 ,
1334 1491 1428 1552 sed
1454 1491 1624 1576 quic-

0 1579 283 1667 quidfibi
330 1577 463 1664 ipfis
487 1598 585 1641 aut
609 1577 916 1663 Magistris
964 1577 1477 1664 suisincognitum
1519 1601 1621 1643 aut

0 1671 305 1734 fintac'lurn
353 1666 531 1731 fuerit
577 1717 594 1745 ,
662 1667 718 1730 id
766 1689 934 1730 extra
981 1667 1268 1730 terminos
1315 1668 1617 1733 Poffibilis

0 1780 291 1844 :ponunt3
342 1762 398 1820 8<
427 1779 709 1843 tanquam
756 1780 837 1820 ex
883 1780 1006 1820 arte
1035 1808 1053 1838 ,
1101 1758 1343 1844 cognitu
1391 1780 1490 1822 aut
1537 1759 1618 1822 fa-

0 1849 112 1934 lssu
154 1847 514 1930 impoffibile
562 1845 954 1931 pronuntiant
1005 1872 1018 1910 :
1071 1847 1297 1910 summa
1344 1847 1619 1934 superbia

0 1939 71 2015 {St
95 1936 323 1999 invidia
352 1985 368 2012 ,
418 1937 649 1997 suorum
702 1941 1100 2000 inventorum
1151 1937 1571 2003 infirmitatem
1599 1987 1618 2017 ,

0 2022 74 2108 {in
121 2029 367 2090 Naturae
413 2024 585 2107 ipsius
631 2023 992 2087 calumniam
1021 2075 1037 2103 ,
1085 2029 1145 2089 Sc
1191 2028 1446 2090 aliorum
1484 2050 1618 2090 orn-

0 2114 180 2186 mium
225 2114 684 2198 desperationem
714 2163 731 2191 ‚
782 2136 1076 2177 vertentes
1125 2166 1142 2181 .
1205 2117 1372 2177 Hinc
1416 2116 1618 2179 schola
1698 2127 1707 2134 ’

0 2203 354 2267 {Academiae
380 2226 547 2266 novae
571 2253 589 2282 ‚
633 2202 766 2290 ‘quae
790 2205 1215 2288 Acatalepfiam
1244 2228 1317 2267 ex
1367 2203 1619 2288 profefl'o

0 2291 206 2369 {tenuit
231 2343 248 2371 ‚
275 2295 332 2356 δ(
359 2292 633 2356 homines
657 2294 725 2356 acl
753 2293 1135 2377 sempiternas
1162 2295 1430 2356 tenebras
1453 2295 1615 2356 darn·

0 2381 178 2444 fnavit
200 2430 215 2445 .
265 2383 430 2446 Hinc
456 2382 664 2468 opinio
692 2432 707 2461 ‚
758 2385 910 2469 quod
942 2388 1171 2445 Formae
1214 2382 1329 2446 five
1355 2406 1504 2446 verae
1530 2407 1618 2445 re-

14 2492 144 2531 rum
193 2473 563 2537 Differentiae
614 2476 784 2559 (quae
814 2496 1014 2535 revera
1062 2472 1190 2535 sunt
1215 2472 1369 2557 leges
1419 2472 1618 2536 Aestus

13 2558 189 2645 puri)
241 2561 490 2626 inventu
515 2563 902 2649 impcrffibiles
933 2561 1038 2625 sint
1064 2611 1081 2640 ‚
1133 2565 1187 2624 &
1234 2564 1390 2624 ultra
1415 2562 1616 2624 homi-

12 2665 148 2711 nem
173 2696 189 2711 .
236 2653 399 2715 Hinc
425 2653 738 2739 opiniones
771 2652 882 2715 illae
910 2653 967 2714 in
997 2652 1222 2715 Affliva
1249 2655 1306 2714 δ(
1335 2651 1615 2736 Operati-

12 2759 89 2799 va
135 2760 344 2827 parte3
393 2743 672 2805 Calorem
727 2743 879 2804 Solis
909 2743 964 2803 8:
1017 2741 1182 2828 Ignis
1227 2762 1359 2804 toto
1404 2761 1615 2825 genere

12 2823 296 2915 differre3
343 2853 415 2892 ne
439 2831 663 2894 scilicet
690 2831 964 2894 homines
1006 2853 1208 2916 putent
1235 2831 1287 2893 se
1315 2854 1411 2914 per
1436 2852 1613 2913 opera

14 2915 180 3001 Ignis
204 2967 220 2997 ‚
268 2918 492 3005 aliquid
521 2921 711 2988 simile
736 2921 809 2986 iis
834 2968 852 3001 ‚
900 2945 1026 3006 quae
1067 2920 1126 2984 in
1158 2925 1390 2986 Natura
1418 2916 1567 2980 fiunt
1591 2968 1615 3003 ,

983 3013 1033 3073 E
1391 3008 1526 3071 edu·
