2131 3573
387 142 766 200 NOVUM
823 141 1398 208 ORGANUM.
1489 163 1614 225 203

117 251 308 319 stituti
339 251 529 327 sunt,
580 276 696 314 non
741 253 1109 337 percipiant,
1156 276 1255 317 aut
1303 256 1465 340 gustu
1514 258 1713 319 distin-

117 363 302 430 guant
323 341 523 403 cibum
578 342 882 404 rancidum
911 392 927 419 ‚
976 366 1073 407 aut
1111 342 1413 428 putridum
1440 373 1477 424 ;
1524 369 1714 430 neque

123 430 390 496 limisiter
419 429 715 492 Alliaturn
744 481 761 508 ,
810 453 906 494 aut
937 435 1216 496 Rosatum
1246 481 1262 509 ,
1290 455 1388 494 aut
1413 434 1715 519 hujusmo-

124 523 227 586 di.
277 519 500 581 Rursus
543 571 565 602 ‚
617 519 704 581 illi
752 521 851 605 qui
905 545 1006 605 per
1053 521 1323 585 accidens
1373 525 1565 585 Nares
1614 524 1715 585 ha-

123 614 260 674 bent
309 631 407 692 per
431 609 761 670 descensum
815 610 1136 673 rheumatis
1182 610 1549 687 obstruchs,
1600 633 1718 671 non

121 697 460 768 discernunt
507 719 604 759 aut
655 699 988 781 percipiunt
1054 700 1279 783 aliquid
1327 699 1633 783 putridum
1702 746 1720 775 ‚

122 808 219 851 aut
265 787 622 868 rancidum,
671 810 771 850 aut
796 795 974 873 Aqua
1025 789 1282 850 Rosacea
1331 788 1649 872 inspersum
1700 837 1717 853 .

122 874 382 952 RursuS,
431 876 532 961 qui
562 876 906 940 afficiuntur
958 876 1290 958 hujusmodi
1343 878 1650 940 rheumate
1698 925 1716 950 ‚

119 963 161 1026 fi
209 963 422 1049 inipso
473 989 826 1045 momento,
875 989 1009 1028 cum
1039 965 1265 1051 aliquid
1316 965 1593 1030 foetidum
1619 985 1720 1029 aut

116 1053 432 1118 odoratum
483 1055 700 1117 habent
746 1058 807 1118 in
855 1081 999 1132 ore,
1051 1054 1167 1118 sive
1215 1055 1411 1140 palato
1455 1106 1472 1133 ‚
1521 1077 1721 1117 emun-

120 1163 262 1229 gant
311 1140 552 1202 fortiter
573 1170 609 1219 ;
658 1143 869 1226 inipso
916 1143 1166 1206 Instanti
1197 1142 1562 1205 manifestam
1593 1166 1722 1228 per-

123 1228 469 1314 ceptionem
517 1229 737 1292 habent
783 1229 1008 1292 rancidi
1057 1230 1153 1290 vel
1221 1230 1450 1294 odorati
1498 1279 1512 1292 .
1582 1235 1720 1311 ρας

125 1317 412 1396 Ιηίὶειηῑὶς
459 1318 766 1380 dabunt&
815 1318 1166 1379 constituent
1217 1319 1366 1381 hanc
1392 1321 1660 1401 Speciem
1703 1367 1722 1394 ‚

125 1407 223 1467 vel
250 1426 474 1489 partem
527 1403 720 1487 potius
743 1404 956 1466 Gustus
978 1431 1016 1479 ;
1063 1425 1124 1465 ut
1170 1407 1374 1467 Sensus
1417 1408 1722 1469 Gustatio.

123 1495 217 1557 nis
263 1516 333 1555 ex
366 1514 528 1576 parte
578 1490 912 1552 nihilaliud
967 1491 1073 1567 fit,
1124 1515 1301 1576 quam
1328 1491 1600 1555 Olfafflus
1634 1497 1726 1556 in-

126 1581 357 1657 terior,
407 1577 767 1641 transiens&
814 1579 1158 1641 descend-ens
1206 1605 1236 1643 a
1265 1583 1521 1645 Narium
1553 1586 1721 1645 Men-

124 1670 285 1733 tibus
332 1667 729 1752 superioribus
777 1668 836 1730 in
864 1673 948 1730 Os
996 1673 1052 1731 &
1082 1670 1350 1733 Palatum
1379 1716 1395 1735 .
1451 1678 1539 1734 At
1586 1696 1723 1735 con·-

122 1780 262 1842 tra‚
309 1757 536 1820 Salsum
564 1808 581 1836 ‚
630 1761 690 1820 &
719 1760 907 1819 Dulce
932 1808 954 1841 ‚
1004 1760 1060 1818 ὃ(
1090 1764 1247 1821 Aere
1274 1810 1289 1834 ,
1342 1763 1398 1822 ὅ(
1429 1761 1721 1845 Achivam,

125 1850 185 1911 8(
235 1850 597 1923 Austerurn‚
645 1849 700 1907 δε
749 1851 1040 1909 Amarum
1092 1895 1108 1922 ,
1171 1852 1227 1910 ἃ
1276 1848 1486 1912 similia
1531 1878 1568 1930 ς
1616 1851 1723 1929 hec

127 1935 471 2020 (inquam)
521 1934 723 1997 omnia
771 1958 915 2018 eque
965 1935 1223 1998 sentiunt
1274 1938 1366 2000 illi
1413 1987 1431 2016 ‚
1481 1939 1542 2000 in
1588 1940 1722 2024 qui-

126 2029 235 2087 bus
256 2022 529 2086 Olfafi‘tus
552 2023 706 2086 deest
731 2073 747 2095 ,
796 2045 896 2085 aut
922 2025 1229 2089 obturatur
1253 2076 1268 2104 ,
1318 2052 1385 2090 ac
1411 2028 1719 2112 quisquam

128 2112 318 2176 alius:
371 2136 431 2175 ut
481 2111 847 2175 manifestum
901 2111 1008 2189 fit,
1057 2115 1301 2177 Sensum
1346 2117 1561 2178 Gustus
1610 2119 1720 2177 effe
1755 2165 1799 2199 9

128 2201 549 2286 Compofitum
597 2201 881 2287 quiddam
929 2227 1002 2264 ex
1027 2203 1610 2280 Olfaffluinteriori,
1659 2210 1716 2266 8<

124 2291 328 2355 Tafi'ru
374 2292 669 2375 quoddam
720 2289 1009 2377 exquisito
1032 2319 1068 2371 ;
1113 2293 1184 2355 de
1235 2317 1354 2378 quo
1402 2317 1555 2358 nune
1600 2319 1720 2357 non

125 2380 207 2443 est
247 2379 483 2442 dicendi
530 2381 732 2444 locus,

216 2469 550 2546 Similiter,
599 2470 875 2553 Exempli
925 2470 1113 2556 gratia
1137 2498 1172 2551 5·
1216 2473 1307 2534 Sit
1355 2477 1584 2537 Natura
1633 2475 1717 2543 in-

130 2556 400 2641 quisita,
467 2560 965 2624 Communicatio
1035 2561 1358 2639 Qualitatis
1403 2592 1437 2642 5
1507 2561 1719 2644 absque

129 2647 571 2711 Commistione
598 2651 968 2728 Substantieg.
1022 2651 1300 2714 Instantia
1345 2651 1573 2731 Lucis,
1619 2652 1718 2713 da-

134 2733 225 2795 bit
270 2737 723 2812 vellconstituet
770 2762 942 2800 unam
984 2739 1250 2824 Speciem
1295 2737 1716 2805 Communica-

131 2822 360 2911 tionisg
407 2825 589 2890 Calor
611 2831 1149 2914 vero&MagneS,
1197 2830 1442 2893 alteram
1472 2876 1485 2891 .
1535 2830 1718 2890 Com-

133 2911 469 2977 municatio
510 2917 670 2984 enim
696 2916 879 2983 Lucis
927 2920 1005 2981 est
1049 2939 1330 3004 tanquam
1377 2921 1716 3010 Momenta.

1476 3027 1628 3089 nea,
