2131 3573
388 186 761 248 NOVUM
817 191 1395 257 ORGANUM.
1495 200 1619 278 109

124 299 287 366 enim
332 297 478 363 inre
524 321 682 361 nova
721 299 803 380 ,ad
850 302 1254 384 praejudicium
1285 352 1301 379 ‚
1353 329 1467 368 non
1518 310 1705 373 sulum

125 385 563 478 praeoccupatio
606 385 778 449 fortis
822 389 1121 473 opinionis
1170 395 1391 456 veteris
1440 445 1458 472 ,
1510 398 1599 458 sed
1647 401 1706 459 δε

124 475 444 565 praecptis
469 474 584 538 five
611 476 1006 561 praefiguratio
1049 480 1188 544 falsa
1216 529 1233 557 ,
1279 484 1362 545 rei
1392 507 1517 568 quae
1545 487 1708 546 affer„

130 591 262 632 tur.
314 571 518 650 Itaque
567 567 921 628 conabimur
967 570 1248 655 efficere,
1298 594 1360 634 ut
1389 573 1713 635 habeantur

131 663 290 720 bonae
314 703 342 731 ,‚
379 657 437 716 8<
465 677 617 717 verae
644 705 660 732 ,
709 656 781 718 de
807 655 876 717 iis
895 681 1019 741 quae
1046 660 1391 723 adducimus
1419 711 1435 738 ‚
1483 661 1716 743 opinio·

125 769 225 808 nes
247 795 270 828 ,
315 743 457 805 licet
480 745 548 805 ad
579 767 810 829 tempus
838 751 1251 812 tantummodo
1273 800 1289 826 ,
1340 754 1396 814 8<
1426 772 1713 837 tanquam

126 831 390 896 usurariae
415 879 433 907 ,
479 833 664 895 donec
690 855 778 895 res
819 835 939 919 ipsa
987 840 1362 921 pernoscatur
1386 885 1400 902 .

209 924 443 986 CXVI.
499 923 703 985 Primo
747 922 954 1011 itaque
1002 928 1405 1008 postulandum
1438 928 1716 1012 videtur,

125 1032 195 1072 ne
219 1010 561 1074 existiment
605 1011 915 1091 hominm,
966 1039 1070 1078 nos
1117 1040 1279 1081 more
1308 1019 1717 1103 Antiquorum

123 1104 468 1163 Graecorum
495 1151 518 1183 ‚
542 1123 638 1163 aut
663 1105 1031 1185 quorundam
1060 1129 1352 1170 novorum
1382 1106 1719 1180 hominum,

130 1189 334 1261 Telesti
359 1235 375 1264 ‚
424 1189 674 1247 Patricii
699 1236 715 1263 ‚
763 1192 1027 1250 Severini
1057 1240 1072 1265 ,
1122 1190 1336 1256 setstam
1366 1196 1628 1278 aliquam
1658 1196 1721 1257 in

130 1272 512 1357 Philosophia
529 1276 776 1336 condere
801 1277 954 1338 velle
983 1303 995 1340 ε
1044 1283 1255 1364 Neque
1279 1283 1438 1346 enirn
1467 1286 1578 1346 hoc
1604 1283 1724 1368 agi-

132 1387 303 1439 mm,
353 1385 541 1444 neque
583 1363 765 1422 etiam
812 1366 1065 1426 multum
1095 1368 1363 1430 interesse
1410 1396 1720 1452 putatum,

129 1454 199 1513 ad
246 1451 560 1512 hominurn
605 1447 870 1511 fortunas
919 1498 936 1524 ,
983 1453 1185 1533 quales
1232 1454 1365 1537 quis
1410 1460 1722 1538 opiniones

130 1537 438 1605 abstrafins
462 1537 532 1598 de
559 1538 786 1598 Natura
811 1540 867 1598 &
896 1561 1090 1600 rerum
1125 1542 1440 1628 Principiis
1470 1546 1718 1611 habeat:

135 1632 348 1712 Neque
372 1623 618 1687 dubium
649 1625 729 1713 est
757 1674 774 1703 ,
823 1629 966 1710 quin
1016 1630 1203 1692 multa
1232 1632 1614 1714 hujusmodi,
1665 1640 1722 1696 δε

130 1736 327 1778 vetera
352 1714 664 1796 revocari,
691 1715 748 1776 &
775 1739 927 1778 nova
954 1716 1251 1781 introduci
1282 1723 1535 1810 poffint;
1586 1750 1722 1807 que.

133 1805 515 1867 madmodum
545 1806 603 1865 δε
630 1805 936 1888 complura
963 1806 1262 1871 Themata
1287 1813 1445 1874 Coeli
1477 1814 1723 1898 supponi

133 1893 406 1978 possunt,
455 1915 580 1977 quae
626 1915 758 1954 cum
786 1894 1162 1957 Phaenomenis
1211 1899 1290 1960 sat
1342 1904 1487 1965 bene
1513 1926 1723 1964 conve·

135 1984 356 2064 nium,
404 1981 562 2042 inter
604 1979 658 2041 se
684 2002 883 2044 tamen
935 1983 1281 2049 dissentiunt
1311 2040 1324 2053 .

227 2074 315 2153 ᾼῑ
340 2093 443 2132 nos
487 2069 557 2135 de
602 2069 932 2155 hujusmodi
982 2075 1147 2136 rebus
1172 2077 1574 2161 opinabilibus
1602 2128 1617 2155 ‚
1666 2083 1725 2141 δε

143 2157 317 2221 simul
358 2158 669 2221 inutilibus
714 2208 730 2238 ,
781 2183 894 2222 non
943 2161 1274 2226 laboramus
1318 2213 1334 2227 .
1387 2172 1473 2232 At
1522 2191 1728 2230 contra

141 2248 313 2312 nobis
358 2247 742 2313 constitutum
793 2250 869 2310 est
913 2250 1215 2336 experiri,
1263 2277 1332 2314 an
1380 2279 1582 2318 revera
1628 2283 1726 2341 po.

143 2335 424 2400 tentIae&
468 2337 879 2421 amplitudinis
926 2340 1191 2403 humanae
1239 2341 1501 2407 firmiora
1526 2346 1727 2409 funda-

143 2447 342 2489 menta
391 2428 621 2508 jacere,
668 2450 733 2488 ac
762 2426 902 2490 fines
952 2428 1011 2489 in
1039 2430 1211 2493 latius
1259 2435 1513 2516 proferre
1560 2435 1728 2520 poffi-

144 2539 272 2576 mus
300 2566 315 2581 .
366 2521 570 2599 Atque
612 2515 755 2578 licet
800 2516 1030 2600 sparfim
1060 2569 1075 2595 ‚
1125 2522 1182 2582 ἃ
1221 2521 1282 2582 in
1328 2523 1624 2608 aliquibus
1646 2525 1728 2586 su-

147 2605 358 2666 bie-&is
402 2603 749 2688 specialibus
798 2659 816 2687 ,
866 2607 1037 2691 longe
1085 2610 1316 2672 veriora
1365 2613 1728 2696 habeamuS,

149 2694 207 2750 &
235 2692 485 2757 certiore
510 2745 532 2777 ,
582 2697 693 2778 (ut
741 2696 1147 2777 arbitramur)
1194 2723 1368 2784 atque
1393 2703 1575 2763 etiam
1604 2727 1731 2763 rna-

148 2779 240 2863 gis
264 2778 555 2844 fruSluosa
578 2832 594 2859 ‚
620 2807 795 2868 quam
824 2785 1034 2867 quibus
1058 2786 1329 2853 homines
1352 2792 1538 2853 adhuc
1563 2813 1735 2855 utun-

150 2889 245 2928 tur
264 2914 281 2942 ,
337 2870 509 2952 (quae
533 2870 591 2934 in
616 2872 884 2956 quintam
912 2875 1332 2948 Instaurationis
1358 2881 1567 2942 nostrae‘
1604 2903 1732 2963 par‘·

154 2977 271 3018 tem
302 2957 727 3045 congeffitnus)
776 2985 975 3028 tamen
999 2966 1322 3030 Theoriam
1354 2970 1574 3040 nullam
1605 2969 1735 3029 uni-

1525 3081 1648 3120 ver„

2000 2075 2131 2135 ,spa-n

1907 2139 1968 2207 ,ἶ
2054 2157 2063 2164 ,
