2131 3573
376 99 745 163 DAOVUM
803 99 1387 168 ORGANUM.
1497 123 1618 188 203

119 214 331 281 ordine
357 234 519 276 certo
546 210 881 295 ponantur)
935 212 1118 274 veluti
1150 214 1503 295 Animalia,
1554 221 1713 280 Her·

117 307 203 368 bae
230 331 267 384 ;
314 303 493 366 etiam
520 301 715 360 Verba
744 348 759 374 ,
809 299 1485 385 Literae,Chara&eres
1513 357 1529 382 ‚
1582 310 1719 368 Per·

116 394 268 457 sonae
296 389 653 464 Historicae‚
704 390 762 448 δε
809 409 1013 453 caetera
1040 418 1079 470 ,·
1123 389 1263 453 licet
1312 396 1598 457 nonnulla
1639 418 1719 458 ex

118 484 212 546 his
260 479 444 564 magis
467 498 601 560 apta
652 474 844 538 lint&
893 482 1206 543 commoda
1236 529 1253 556 ,
1303 481 1420 544 alia
1466 485 1660 547 minus
1698 535 1718 551 .

120 567 479 653 Hujusmodi
527 587 721 628 autem
774 568 923 629 Loci
976 569 1343 631 Memoriam
1412 569 1724 658 insigniter

132 667 339 744 juvant
390 703 407 732 ‚
474 660 721 739 eamque
766 655 939 741 longe
991 660 1156 742 supra
1226 659 1384 721 vires
1431 661 1723 725 naturales

120 747 431 814 exaltant.
486 749 639 807 Item
688 747 981 808 Carmina
1024 746 1257 811 facilius
1303 749 1526 816 haerent
1573 800 1590 827 ‚
1663 753 1724 812 8<

117 837 424 900 discuntur
465 833 858 913 memoriter,
907 858 1083 920 quam
1118 837 1292 900 Prosa
1327 891 1344 906 .
1396 842 1602 924 Atque
1647 863 1725 904 ex

113 926 225 990 isto
270 925 581 1008 Manipulo
623 923 806 985 trium
880 924 1297 989 instantiarum
1346 978 1362 1005 ,
1433 928 1722 993 videlicet

122 1012 420 1098 Ordinis,
467 1017 771 1077 Locorum
823 1012 1553 1081 Artificialis·Memoriae
1599 1069 1615 1094 ,
1665 1023 1726 1081 δε

115 1103 459 1178 Versuum,
507 1101 889 1164 constituitur
913 1105 1147 1186 Species
1204 1129 1316 1167 una
1365 1107 1606 1169 Auxilii
1654 1108 1727 1170 ad

115 1190 538 1260 Memoriam.
591 1190 821 1273 Species
862 1212 1058 1251 autem
1106 1192 1209 1257 illa
1251 1241 1269 1270 ‚
1318 1197 1593 1278 Absciffio
1637 1201 1729 1258 In.

109 1281 282 1363 finiti
328 1279 489 1342 recle
519 1279 715 1341 vocari
769 1277 981 1362 poflit.
1032 1284 1190 1343 Cum
1235 1282 1395 1344 enim
1444 1285 1574 1369 quis
1619 1283 1729 1347 ali·

119 1369 265 1455 quid
310 1367 614 1430 reminisci
641 1388 738 1429 aut
784 1389 1061 1427 revocare
1109 1369 1168 1429 in
1219 1374 1587 1435 Memoriam
1638 1374 1728 1436 ni-

121 1462 316 1542 titur3
366 1455 404 1515 fi
450 1454 672 1516 nullam
719 1454 1150 1537 praenotionem
1199 1456 1411 1519 habeat
1462 1484 1558 1521 aut
1606 1486 1729 1544 per..

121 1544 458 1631 ceptionem
504 1544 630 1625 ejus
676 1542 835 1627 quod
879 1542 1087 1627 quaerit
1134 1592 1150 1621 ‚
1203 1545 1411 1630 quaerit
1462 1571 1622 1615 certe
1668 1554 1727 1612 δε

121 1633 371 1699 molitur
414 1681 432 1710 ,
482 1635 557 1694 ,δε
606 1631 714 1694 hac
762 1630 895 1692 illac
942 1632 1212 1694 discurrit
1259 1687 1281 1717 ‚
1332 1657 1614 1722 tanquam
1666 1639 1731 1700 in

125 1721 382 1787 Infinito
408 1772 425 1788 .
475 1721 656 1799 Quod
683 1719 720 1781 si
767 1743 984 1780 certam
1015 1722 1269 1806 aliquam
1298 1729 1731 1808 praenotionem

124 1812 391 1898 habeat3
440 1811 633 1872 statim
682 1809 1043 1871 abscinditur
1094 1811 1404 1876 Infinitum
1456 1869 1477 1899 ‚
1551 1820 1608 1878 δε
1660 1816 1735 1878 fit

120 1900 407 1965 discursus
433 1899 753 1961 Memoriae
806 1898 991 1983 magis
1016 1899 1075 1960 in
1123 1901 1363 1965 vicino,
1416 1910 1483 1966 In
1539 1906 1732 1970 tribus

122 2012 323 2053 autem
371 1987 492 2050 illis
520 1987 813 2048 Instantiis
859 2010 983 2071 quae
1011 1988 1266 2072 superius
1310 1993 1483 2057 dit‘stae
1527 1995 1662 2059 sunt
1713 2045 1730 2072 ‚

125 2077 416 2164 praenotio
462 2077 757 2162 perspicua
800 2076 876 2136 est
923 2080 980 2139 8<
1028 2101 1226 2142 certa.
1278 2081 1352 2145 In
1405 2084 1600 2146 Prima
1648 2084 1731 2146 vi-

126 2168 349 2231 delicet
394 2168 564 2229 debet
610 2165 720 2228 effe
767 2165 992 2250 aliquid
1040 2170 1195 2252 quod
1243 2192 1526 2257 congruat
1595 2197 1730 2234 cum
1759 2167 1804 2202 ⁹

126 2257 355 2320 Ordine
385 2281 399 2319 :
452 2262 518 2317 In
545 2257 807 2318 Secunda
853 2259 1026 2318 debet
1055 2257 1164 2321 effe
1194 2263 1400 2346 Imago
1430 2312 1447 2340 ‚
1496 2287 1618 2348 quae
1646 2287 1733 2324 re-

126 2346 416 2409 lationem
462 2344 723 2430 aliquam
772 2346 1028 2423 habeat,
1081 2345 1195 2409 slve
1240 2351 1728 2428 convenientiam

128 2437 200 2499 ad
244 2436 350 2498 illa
373 2438 540 2498 Loca
585 2458 784 2498 certa:
841 2440 909 2497 In
936 2439 1148 2500 Tertia
1194 2438 1411 2502 debent
1451 2441 1562 2504 effe
1589 2446 1731 2501 Ver-

130 2526 247 2602 ba,
295 2548 423 2609 quae
469 2525 679 2588 cadant
726 2525 1107 2593 inVersum.
1157 2528 1474 2612 Atqueita
1514 2529 1734 2593 abscin-

132 2613 290 2674 ditur
317 2613 628 2676 lnfinitum
658 2666 675 2681 .
728 2615 883 2676 Aliae
929 2637 1127 2682 autem
1174 2620 1469 2682 Instantiae
1513 2620 1732 2681 dabunt

135 2701 287 2764 hanc
333 2703 577 2766 alteram
624 2705 889 2788 Speciem
945 2728 962 2742 ·
1037 2726 1097 2767 ut
1145 2707 1431 2794 quicquid
1477 2710 1724 2771 deducat
1833 2718 1852 2750 '

137 2790 546 2855 intellectuale
589 2795 659 2857 ad
685 2763 1008 2857 feriendu'm
1055 2797 1294 2860 Sensum
1337 2803 1507 2882 (quae
1572 2797 1726 2859 ratio

138 2879 321 2943 etiam
365 2881 656 2968 praecipue
703 2884 866 2970 viget
914 2882 978 2946 in
1005 2884 1332 2951 Artificiali
1379 2885 1732 2968 Memoria)

1546 3000 1627 3059 lu·
