2131 3573
368 136 742 201 NOVUM
778 130 1354 191 ORGANUM.
1493 148 1574 209 29

79 259 243 323 fluxu
268 248 542 319 Materiae
567 251 626 310 8<
651 243 1080 309 Commiffione
1104 261 1296 302 rerum
1327 241 1673 324 quandoque

83 343 511 411 confunduntur
536 360 558 424 3
607 335 843 418 reliqua:
870 355 1072 394 omnes
1121 329 1376 414 (quibus
1402 329 1675 389 homines

81 437 360 501 habimus
381 426 460 490 ufi
487 426 614 489 sunt
644 425 664 503 )
693 422 1093 485 aberrationes
1118 418 1248 482 sunt
1273 465 1290 494 ‚
1328 431 1435 479 nec
1459 416 1675 478 debitis

90 523 279 589 modis
300 543 329 581 a
352 518 525 579 rebus
551 511 846 576 abstraestae
875 515 927 572 8<
954 508 1237 572 excitatae
1264 558 1280 573 .

171 611 369 686 xvn.
423 608 553 668 Nec
602 601 797 663 minor
841 600 920 661 est
944 598 1133 661 libido
1183 600 1242 657 ὅ(
1271 590 1567 656 aberratio
1613 591 1673 652 in

86 694 491 765 constituendis
516 688 945 756 Axiomatibus
972 741 992 771 ,
1016 708 1192 774 quam
1216 685 1275 745 in
1307 679 1679 745 Notionibus

82 783 471 854 abstrahendis
497 807 520 870 3
568 781 742 865 idque
766 778 826 840 in
876 777 1006 861 ipsis
1031 773 1342 861 principiis
1367 822 1382 849 ‚
1432 794 1558 856 quae
1608 771 1681 829 ab

81 874 420 942 indufiione
446 871 674 956 vulgari
704 866 955 954 pendent
983 919 999 933 .
1051 869 1137 927 At
1171 862 1359 925 multo
1387 863 1581 921 minor
1607 857 1684 918 est

79 967 142 1030 in
170 962 594 1027 Axiomatibus
620 1008 635 1034 ,
662 961 721 1020 8<
747 954 1239 1043 propositionibus
1264 949 1643 1014 inferioribus
1666 994 1684 1023 ‚

84 1078 209 1142 quae
236 1052 433 1117 educit
458 1048 845 1134 Syllogismus
869 1091 884 1102 .

179 1145 425 1206 XVIII.
449 1143 602 1223 Quae
629 1137 814 1198 adhuc
848 1135 1091 1196 inventa
1123 1131 1337 1195 suntin
1365 1125 1640 1190 Scientiis
1666 1171 1685 1201 ,

87 1255 153 1293 ea
195 1228 529 1308 hujusmodi
577 1225 707 1284 sunt
757 1270 772 1293 ‚
843 1244 903 1282 ut
949 1221 1300 1281 notionibus
1349 1217 1687 1301 vulgaribus

83 1319 206 1381 'fere
232 1315 562 1391 subjaceant
612 1334 626 1371 ε
680 1313 765 1369 Ut
796 1330 934 1367 vero
978 1309 1047 1367 ad
1095 1306 1379 1366 interiora
1407 1307 1460 1364 8(
1491 1326 1687 1364 remo-

96 1407 245 1469 tiora
276 1404 533 1469 ,Naturae
585 1413 915 1477 penetretur
952 1440 970 1466 ‚
1019 1392 1241 1452 neceffe
1285 1393 1406 1464 cst,
1458 1414 1517 1450 ut
1567 1412 1691 1450 tam

103 1490 400 1559 Notiones
446 1533 463 1562 ,
511 1504 689 1568 quam
738 1479 1070 1539 Axiomata
1119 1528 1140 1560 ,
1193 1476 1379 1559 magis
1425 1499 1579 1536 certa
1634 1479 1692 1536 δε

99 1577 322 1645 munita
346 1574 444 1637 via
468 1596 498 1634 a
546 1573 713 1632 rebus
738 1566 1143 1629 abstrahantur
1169 1614 1184 1641 ,
1234 1587 1410 1648 atque
1435 1564 1686 1625 omnino

99 1668 308 1735 meiior
329 1667 388 1726 δ(
434 1659 654 1725 certior
681 1656 1022 1722 IntelleE‘tus
1066 1652 1413 1740 adoperatio
1438 1652 1500 1716 in
1530 1652 1695 1716 usum

27 1812 34 1817 .
105 1757 312 1823 veniat
342 1805 356 1820 .
1537 1811 1541 1815 ,

187 1849 357 1907 XIX.
409 1845 554 1904 Duae
579 1838 693 1901 viae
737 1837 868 1900 sunt
893 1885 909 1912 ‚
959 1856 1134 1922 atque
1163 1834 1271 1897 effe
1298 1833 1526 1920 poffunt
1557 1881 1574 1906 ‚
1622 1830 1694 1893 ad

101 1931 514 2019 inquirendam
541 1924 1038 1990 &inveniendam
1072 1926 1380 1987 veritatem
1415 1970 1431 1987 .
1484 1920 1696 1983 Altera

104 2049 135 2087 a
180 2020 338 2084 sensu
383 2022 444 2080 δε
488 2013 939 2101 particularibus
980 2015 1217 2076 advolat
1265 2014 1332 2075 ad
1363 2011 1696 2074 Axiomata

107 2109 370 2177 maxime
406 2103 744 2192 generalia,
793 2124 965 2186 atque
1007 2126 1081 2163 ex
1129 2104 1200 2164 iis
1250 2100 1559 2185 principiis
1605 2121 1700 2159 eo·

119 2220 366 2284 rumque
411 2197 669 2259 immota
715 2192 959 2253 veritate
1008 2189 1225 2272 judicat
1272 2187 1590 2251 &invenit
1625 2191 1705 2246 A.

113 2289 378 2352 xiomata
405 2284 594 2347 media
647 2308 661 2345 :
713 2287 916 2365 Atque
943 2279 1064 2341 haec
1093 2279 1188 2342 via
1212 2276 1271 2339 in
1301 2277 1397 2340 usu
1424 2276 1499 2338 est
1533 2324 1545 2336 .
1596 2274 1702 2336 At.

113 2400 233 2440 tera
257 2400 287 2439 a
311 2374 470 2438 sensu
495 2376 552 2436 δε
593 2368 1042 2457 particularibus
1068 2367 1290 2430 excitat
1323 2365 1652 2428 Axiomata
1683 2395 1703 2439 ·,

121 2464 479 2529 ascendendo
525 2461 901 2524 continenter
927 2460 981 2518 ὃ(
1007 2455 1303 2543 gradatim
1329 2505 1345 2532 ,
1393 2475 1454 2517 ut
1481 2452 1703 2515 ultimo

128 2556 258 2617 loco
283 2552 658 2638 perveniatur
685 2551 752 2613 ad
784 2546 1041 2610 maxime
1065 2543 1357 2632 generalia
1383 2568 1405 2631 3
1452 2566 1578 2629 quae
1606 2540 1704 2602 via

124 2665 259 2705 vera
282 2643 361 2705 est
385 2694 408 2726 ‚
455 2640 548 2703 sed
575 2640 860 2701 intentata
885 2684 898 2698 .

213 2736 343 2793 XX.
392 2729 654 2793 Eandem
701 2723 1031 2812 ingreditur
1055 2723 1215 2787 viam
1264 2720 1567 2807 (priorem
1602 2716 1707 2780 sci-

128 2816 316 2898 licet)
371 2819 716 2889 Intelle&us
745 2814 843 2878 fibi
872 2814 1170 2897 permiffus
1198 2862 1213 2887 ,
1262 2832 1437 2894 quam
1465 2805 1602 2868 facit
1630 2829 1706 2867 ex

129 2904 333 2969 ordine
358 2905 701 2970 Dialefi‘cicae
731 2952 745 2969 .
796 2903 985 2966 Gestit
1009 2904 1170 2967 enim
1200 2904 1372 2964 Mens
1397 2896 1607 2962 exilire
1637 2893 1707 2957 ad

1507 3008 1619 3048 ma-
