2131 3573
374 154 744 217 NOVUM
801 157 1376 220 ORGANUM.
1470 176 1601 242 317

113 271 223 353 (ut
270 267 449 354 vulgo
474 264 836 348 loquuntur)
887 265 946 326 in
977 268 1202 329 Punesto
1229 266 1439 330 blanco
1465 320 1486 353 ‚
1533 267 1697 332 debi»

110 358 320 421 liorem
370 358 498 418 edat
522 351 941 434 percussionem
991 357 1333 436 ejaculando
1379 356 1439 420 in
1487 357 1695 442 supra,

112 447 211 510 ubi
262 451 464 509 Motus
511 441 668 502 letus
718 442 794 502 est
840 441 1082 526 simplex
1123 491 1139 520 ,
1186 467 1364 528 quam
1410 448 1701 531 desuper,

109 536 208 613 ubi
239 539 440 597 Motus
461 530 789 591 Gravitatis
839 532 1136 595 concurrit
1164 556 1297 594 cum
1328 535 1461 599 Ifi’tu
1485 584 1499 597 .

195 622 391 686 Etiam
415 623 686 681 Canones
710 624 1299 683 Praedomt'nantiarum
1350 624 1450 705 qui
1497 645 1700 684 occur-

108 734 241 775 runt
267 757 284 786 ,
331 707 647 794 colligendi
676 709 801 770 sunt
831 760 845 774 .
901 710 1097 772 Veluti
1129 760 1143 787 ‚
1191 711 1346 794 quod
1375 735 1491 794 quo
1515 715 1701 774 Corn·

108 796 332 861 munius
375 798 457 859 est
506 800 737 859 Bonum
787 798 944 881 quod
992 801 1328 882 appetitur,
1379 823 1449 860 eo
1493 802 1707 861 Motus

105 888 181 950 est
226 884 440 946 fortior
491 910 503 947 ε
557 906 617 947 ut
646 889 851 950 Motus
874 892 1066 947 Nexus
1111 886 1209 970 qui
1266 886 1501 970 respicit
1524 891 1708 949 Corn-

100 973 445 1037 munionem
474 974 746 1036 Univerfi
773 1025 790 1053 ,
839 974 1050 1037 fortior
1096 976 1175 1038 est
1220 978 1400 1037 Motu
1427 975 1710 1037 Gravita-

97 1062 173 1124 tis
198 1111 216 1136 ,
264 1064 366 1144 qui
416 1063 652 1144 respicit
675 1063 1185 1124 Communionem
1216 1063 1543 1125 Densorum
1572 1110 1586 1125 .
1640 1069 1715 1127 E-

99 1149 246 1211 tiam
275 1198 292 1225 ,
338 1148 496 1232 quod
544 1149 867 1231 Appetitus
914 1150 1013 1232 qui
1062 1151 1190 1212 sunt
1233 1150 1384 1211 Boni
1437 1151 1710 1229 Privati,

100 1260 220 1299 non
270 1235 588 1321 praevalent
612 1238 936 1321 plerunque
987 1259 1190 1300 contra
1236 1239 1552 1321 Appetitus
1599 1243 1712 1304 Bo-

99 1325 162 1388 ni
213 1325 398 1411 magis
427 1324 714 1409 Publici3
761 1326 868 1386 nifi
896 1327 953 1384 in
995 1326 1188 1406 parvis
1213 1327 1510 1405 Quantis,
1561 1331 1713 1409 Quae

103 1411 329 1476 utinam
356 1413 698 1474 obtinerent
747 1413 806 1471 in
836 1412 1181 1474 Civilibus.

190 1505 420 1564 XLIX.
473 1503 635 1560 Inter
659 1499 1089 1584 Praerogativas
1136 1501 1553 1563 Instantiarum
1605 1530 1708 1587 po.

99 1612 303 1651 nemus
326 1588 460 1650 loco
484 1586 1004 1672 vicefimo-quinto
1027 1589 1334 1662 Instantias
1358 1596 1652 1655 Innuentes
1675 1625 1712 1674 ‚-

100 1702 193 1741 eas
237 1675 463 1739 scilicet
492 1726 508 1753 ,
555 1701 680 1762 quae
705 1677 1043 1740 Commoda
1095 1677 1407 1741 hominurn
1459 1679 1717 1747 innuunt:

98 1786 195 1830 aut
216 1764 561 1851 designant.
611 1766 851 1828 Etenim
881 1766 1063 1849 ipsum
1093 1767 1241 1850 Poffie
1289 1770 1344 1831 8(
1377 1768 1562 1853 ipsum
1589 1776 1713 1837 Sci-

94 1882 153 1917 re
178 1905 195 1932 ,
245 1859 541 1917 Naturam
569 1853 886 1917 humanam
915 1854 1286 1940 amplificant
1308 1907 1321 1932 ,
1373 1882 1487 1920 non
1516 1863 1714 1926 beant.

2 1947 6 1952 ’
74 1948 312 2028 ‘Itaque
357 1944 729 2027 decerpendae
780 1942 907 2006 sunt
952 1968 1024 2006 ex
1068 1946 1464 2009 Univerfitate
1514 1973 1714 2015 rerum

97 2056 164 2093 ea
212 2056 339 2116 quae
384 2033 454 2094 ad
505 2032 632 2094 usus
678 2033 816 2094 vitae
866 2033 1129 2096 maxime
1167 2035 1433 2103 faciunt.
1484 2043 1709 2103 Verum

95 2122 168 2183 de
217 2120 291 2182 iis
335 2122 448 2182 erit
499 2120 686 2206 magis
728 2124 990 2205 proprius
1039 2124 1274 2187 dicendi
1322 2125 1525 2203 locuS,
1574 2152 1713 2192 curn

96 2210 466 2272 Dedufffiones
510 2213 586 2271 ad
604 2213 825 2293 praxim
872 2213 1306 2298 trafi'tabimuS,
1354 2214 1710 2293 Quinetiam

94 2297 158 2359 in
207 2297 332 2382 ipse
377 2304 570 2382 Opere
594 2303 1073 2382 Interpretationt's
1120 2303 1275 2364 circa
1316 2302 1532 2388 singula
1582 2307 1706 2370 sub·

97 2387 251 2468 jeE'ta
276 2437 292 2463 ,
340 2387 538 2450 locum
563 2389 787 2471 semper
810 2393 1032 2452 Chartae
1056 2392 1305 2454 bumanae
1329 2442 1346 2470 ,
1393 2392 1507 2456 five
1530 2398 1706 2457 Char-

96 2478 467 2559 taeOptativae
511 2477 900 2563 affignamuS.
951 2479 1192 2545 Etenim
1241 2484 1601 2563 &Quaerere
1643 2486 1703 2547 δε

95 2567 319 2649 Optare
366 2567 749 2650 noninepte,
799 2593 925 2651 pars
952 2570 1227 2635 Scientiae
1274 2572 1392 2634 est.

185 2656 263 2719 L.
316 2659 478 2717 Inter
521 2661 938 2741 Praerogativas
981 2661 1371 2734 instantiarum
1418 2682 1700 2743 ponemus

98 2738 234 2802 loco
265 2743 756 2810 Vicefimo-sexto
800 2749 1102 2822 Instantius
1138 2750 1551 2824 Polychrestas.
1601 2754 1702 2813 Eae
1793 2789 1823 2807 »ν

99 2826 270 2906 sunt,
316 2836 766 2916 quae.pertinent
814 2839 882 2900 ad
908 2839 1069 2901 varia
1094 2884 1116 2916 ‚-
1161 2845 1215 2902 ὅ(
1255 2839 1454 2921 saepius
1499 2861 1703 2899 occur..

97 2936 234 2979 runt
278 2942 301 3005 3
366 2919 612 3010 ideoque
657 2947 841 3012 operte
909 2929 969 2991 &
1016 2928 1186 2993 novis
1248 2925 1700 3015 probationibus

1461 3012 1613 3079 haud
