2098 3490
499 158 587 222 90
899 133 1535 199 VERULAMII

422 254 480 315 δε
507 247 913 336 pulcherrimae
959 266 1155 310 amore
1178 246 1332 329 capti
1375 241 1744 308 severitatem
1768 240 1972 322 judieii
2065 276 2067 281 ·

420 339 785 411 relaxemu5‚
832 356 932 398 aut
978 334 1309 395 minuamus
1351 357 1374 416 3
1440 335 1496 393 δι
1540 328 1734 393 sedulo
1782 327 1980 392 viden-

420 429 603 501 dum,
654 425 792 508 quid
841 422 949 506 spei
996 421 1303 504 affulgeat,
1349 424 1406 482 ὃς
1443 443 1524 492 ⁷ex
1566 440 1677 502 qua
1727 435 1886 499 parte
1925 417 1980 478 se
2068 425 2070 449 ³

422 513 678 576 ostendat
703 536 724 596 3
772 532 941 592 atque
966 507 1120 571 auris
1143 507 1457 569 levioribus
1479 505 1591 590 spei
1609 503 1840 588 rejeffis
1862 551 1880 579 ,
1905 525 1985 566 ea

421 624 549 684 quae
574 601 696 684 plus
722 595 1098 659 firmitudinis
1124 596 1334 657 habere
1374 594 1645 656 videntur
1670 643 1693 674 3
1737 589 1985 651 omnino

423 687 792 749 discutiendae
819 684 943 747 sunt
969 688 1025 746 &
1053 681 1390 766 penfitandae
1414 728 1430 744 .
1476 677 1822 759 Quinetiam
1852 680 1989 740 Pru·

425 774 626 836 dentia
647 772 864 835 Civilis
907 772 976 833 ad
998 768 1302 832 confilium
1347 769 1608 831 vocanda
1651 767 1728 828 est
1753 768 1808 827 &
1832 764 1992 827 adhi-

428 862 616 923 benda
640 911 660 940 ,
707 883 829 941 quae
879 881 953 919 ex
978 857 1307 939 praescripto
1351 855 1565 919 diffidit
1585 902 1602 932 ‚
1649 858 1706 916 δε
1731 855 1799 917 de
1825 854 1991 914 rebus

428 946 699 1009 humanis
726 946 784 1005 in
827 946 1072 1007 deterius
1097 944 1341 1006 coniicit
1366 991 1384 1007 .
1434 948 1637 1027 Itaque
1684 944 1799 1023 jam
1838 940 1992 1002 &de

433 1037 542 1117 Spe
568 1031 880 1095 dicendum
905 1032 983 1095 est
1007 1055 1032 1115 3
1077 1031 1388 1114 praesertim
1412 1053 1543 1092 cum
1567 1051 1670 1090 nos
1695 1026 1993 1112 promiffo·

432 1144 518 1182 res
544 1144 657 1180 non
687 1119 854 1179 fimus
876 1163 891 1190 ,
921 1138 1023 1176 nec
1052 1119 1174 1176 vim
1198 1137 1296 1177 aut
1320 1115 1551 1176 infidias
1578 1115 1883 1175 hominum
1914 1115 1995 1193 ju-

432 1207 603 1269 diciis
629 1205 908 1265 faciamus
933 1222 1031 1263 aut
1058 1201 1332 1261 struamus
1352 1246 1368 1273 ‚
1415 1202 1503 1259 i'e'd
1531 1199 1795 1259 homines
1821 1220 1998 1264 manu
2083 1196 2088 1255 f:

439 1296 495 1355 8<
523 1293 721 1374 sponte
745 1291 1014 1352 ducamus
1040 1340 1053 1354 .
1104 1293 1306 1370 Atque
1336 1287 1472 1347 licet
1516 1285 1685 1368 longe
1715 1283 1998 1367 potentis-

437 1379 644 1441 fimum
688 1377 943 1438 futurum
994 1374 1055 1433 sit
1101 1373 1421 1434 remedium
1470 1375 1539 1435 ad
1582 1373 1738 1453 vspem
1799 1370 1999 1453 impri-

441 1467 713 1528 mendam
760 1509 777 1537 ,
846 1461 1074 1542 quando
1119 1460 1390 1519 homines
1435 1460 1503 1519 ad
1564 1458 1935 1540 particularia
1979 1503 1998 1533 ,

441 1549 760 1637 praesertim
811 1547 869 1608 in
899 1545 1143 1608 Tabulis
1168 1544 1369 1606 nostris
1397 1545 1736 1608 Inveniendi
1783 1544 2000 1630 digesta
2084 1559 2086 1561 ’

445 1642 504 1702 8<
548 1633 855 1719 disposita,
905 1634 1075 1715 (quae
1120 1631 1329 1714 partim
1378 1633 1446 1694 ad
1492 1632 1791 1694 secundam
1839 1680 1856 1707 ,
1900 1632 2000 1695 sed

448 1726 638 1788 multo
686 1722 867 1805 magis
914 1722 981 1781 ad
1025 1741 1289 1803 quartam
1336 1720 1752 1793 Instaurationis
1797 1718 2001 1780 nostrae
2064 1786 2068 1791 ,

457 1833 675 1895 partem
703 1808 1031 1890 pertinent)
1085 1808 1427 1868 adducemus
1454 1830 1476 1891 3
1524 1829 1653 1866 cum
1679 1807 1788 1866 hoc
1814 1805 1998 1888 ipsum

451 1899 520 1960 stt
564 1919 677 1957 non
703 1896 820 1977 spes
864 1915 1085 1956 tantum
1113 1945 1136 1975 ‚
1183 1894 1274 1956 sed
1299 1913 1575 1975 tanquam
1602 1914 1689 1954 res
1714 1892 1869 1973 ipsa:
1918 1913 2000 1952 ta-

452 2006 588 2048 men
614 2004 673 2045 ut
695 1983 890 2044 omnia
937 1981 1276 2042 clementius
1301 1978 1486 2055 fiant,
1533 1979 1880 2065 pergendum
1922 1978 2001 2040 est

453 2073 518 2133 in
578 2069 840 2132 instituto
886 2069 1074 2130 nostro
1135 2069 1204 2130 de
1251 2068 1630 2150 praeparandis
1693 2066 2001 2128 hominum

457 2157 772 2243 mentibus3
796 2158 952 2239 cujus
983 2154 1420 2238 Praeparationis
1439 2203 1458 2229 ‚
1482 2153 1581 2217 ista
1603 2152 1843 2215 ostenfio
1869 2152 2003 2235 Spei

457 2269 586 2329 pars
605 2246 679 2305 est
721 2269 836 2307 non
883 2245 1127 2328 exigua.
1177 2245 1331 2305 Nam
1369 2241 1581 2325 absque
1626 2265 1732 2316 ea,
1779 2240 2001 2321 reliqua

457 2331 681 2393 faciunt
711 2332 891 2418 magis
915 2337 980 2393 ad
1007 2328 1506 2392 contristationem
1529 2327 1856 2400 hominum,
1877 2325 2005 2405 (sci-

456 2417 601 2480 licet
627 2466 641 2491 ‚
688 2441 746 2480 ut
769 2418 1122 2481 deteriorem
1146 2422 1200 2480 δε
1232 2416 1500 2477 viliorem
1529 2415 1772 2475 habeant
1797 2414 1862 2475 de
1888 2411 1958 2473 iis
1983 2461 2005 2492 ,

461 2527 584 2589 quae
631 2507 742 2586 jam
772 2506 828 2567 in
875 2506 969 2568 usu
995 2505 1160 2580 sunt,
1207 2503 1588 2586 opinionem,
1632 2523 1806 2583 quam
1853 2521 2004 2560 nunc

463 2592 676 2654 habent
703 2615 723 2675 3
749 2595 804 2653 8<
829 2593 931 2655 suae
956 2590 1309 2655 conditionis
1334 2587 1716 2651 infortunium
1747 2587 1867 2670 plus
1890 2586 2006 2648 sen-

465 2679 615 2741 tiant
659 2681 713 2741 8<
759 2680 1136 2761 pernoscant)
1184 2700 1356 2762 quam
1400 2675 1867 2737 acl-alacritatem
1907 2671 2006 2733 ali·

467 2787 638 2846 quam
685 2765 1058 2828 inducendam
1086 2813 1105 2842 ‚
1151 2786 1246 2828 aut
1290 2762 1623 2827 industriam
1668 2756 2003 2846 experiendi

471 2855 781 2914 acuendam
824 2901 843 2920 .
914 2858 1112 2936 Itaque
1153 2852 1518 2937 Gonjeaurae
1559 2849 1820 2923 nostrae-‚
1883 2866 2008 2929 quae

1777 2933 1931 3019 spem
