2098 3490
520 138 642 199 1'18
844 129 1570 190 TVERULAMH

507 254 710 331 Atque
735 242 1110 308 insolentiam
1156 241 1237 303 rei
1264 242 1417 326 quod
1440 239 1701 324 attinetg-
1745 243 1920 304 Certe
1946 240 1986 303 Ξῖ

420 335 550 422 quis
577 356 779 398 manus
823 330 1142 394 constantia
1167 352 1343 413 atqu-e
1365 330 1519 391 oculi
1545 328 1743 413 vigore
1767 329 1986 391 lineam

422 423 610 508 magis
661 423 877 483 reblam
907 466 923 495 ‚
969 440 1066 478 aut
1113 417 1399 479 circulum
1453 417 1635 501 magis
1661 414 1984 498 perfefi’cum

421 513 473 574 se
498 511 822 574 describere
851 506 1000 588 poffe
1027 555 1043 581 ‚
1092 529 1266 589 quam
1293 505 1469 566 alium
1492 506 1828 588 quempiam
1855 551 1872 581 ‚
1922 505 1982 565 fi*

420 601 479 662 bi
507 600 749 661 affumat
781 619 800 679 3
851 595 1146 656 inducitur
1191 592 1412 655 scilicet
1436 591 1731 653 facultatis
1757 614 1988 674 compa-

421 687 572 749 ratio
623 710 637 747 :-
687 683 862 762 Quod
893 682 928 742 fi
973 682 1104 765 quis
1144 679 1340 742 afferat
1366 731 1386 763 ,
1433 680 1487 742 se
1511 678 1769 741 adhibita
1794 679 1993 762 regul-a

423 796 521 835 aut
549 772 954 834 circumduffto
977 769 1204 846 circino
1227 817 1243 844 ,
1294 768 1507 829 lineam
1542 767 1721 850 magis
1747 767 1989 840 reblam,

424 884 518 922 aut
547 859 828 921 circulum
874 857 1055 941 mag-is
1101 856 1430 940 perfeetum
1453 853 1608 938 poffe
1633 855 1950 915 describere
1976 901 1994 927 ,

426 971 600 1031 quam
628 947 880 1029 aliquem
927 948 1108 1006 alium
1156 944 1214 1005 vi
1244 943 1359 1005 fola
1384 942 1621 1004 oculi&
1649 964 1897 1026 manus3
1943 941 1992 1002 is

426 1057 583 1097 certe
608 1058 725 1095 non
753 1033 1065 1094 admodum
1117 1033 1366 1111 jaffiator
1390 1029 1562 1090 fuerit
1587 1076 1605 1089 .
1651 1028 1814 1107 Quin
1842 1030 1950 1088 hoc
1973 1074 1998 1103 ,

427 1122 580 1206 quod
605 1119 856 1183 dicimus
881 1165 895 1192 ‚
950 1141 1063 1176 non
1111 1118 1293 1175 solum
1319 1117 1382 1175 in
1427 1117 1538 1175 hoc
1564 1116 1760 1175 nostro
1786 1136 1999 1177 conatu
2079 1153 2081 1156 -

428 1232 620 1291 primo
646 1210 703 1267 δε
729 1202 1030 1284 inceptivo
1057 1202 1249 1261 locum
1278 1200 1500 1282 habetg
1549 1199 1844 1260 sedetiam
1873 1224 1998 1279 per.

425 1297 575 1358 tinet
622 1294 690 1356 ad
737 1315 832 1352 eos
877 1288 978 1372 qui
1025 1287 1160 1350 h-uic
1210 1285 1292 1347 rei
1336 1286 1568 1370 posthac
1614 1284 1998 1347 incumbent.

430 1383 644 1447 Nostra
670 1379 829 1441 enim
857 1378 952 1437 via
981 1373 1327 1440 Inveniendi
1354 1373 1640 1434 Scientias
1667 1422 1684 1449 ,
1733 1392 2002 1455 exaequat

430 1475 547 1531 fere
573 1464 805 1548 ingenia
832 1511 848 1536 ‚
898 1464 954 1521 8<
982 1484 1097 1520 non
1128 1460 1374 1521 multum
1406 1460 1772 1538 excellentiae
1797 1482 2001 1522 eoru-m

435 1553 713 1637 relinquit
765 1575 778 1613 ε
831 1571 962 1609 cum
1010 1547 1211 1608 omnia
1257 1570 1358 1630 per
1381 1545 1725 1609 certissimas
1753 1547 2009 1632 Regulos

430 1647 490 1705 8<
519 1635 1058 1702 Demonstrationes
1080 1632 1350 1718 transigat
1375 1681 1387 1694 .
1443 1639 1646 1717 Itaque
1672 1635 1790 1695 haec
1817 1637 2007 1694 nostra

436 1733 545 1811 (ut
591 1727 731 1808 saepe
798 1720 1106 1800 diximus)
1161 1720 1483 1782 Felicitatis
1534 1722 1825 1802 cujusdam
1876 1722 2005 1782 sunt

435 1814 629 1900 potius
676 1834 849 1894 quam
898 1807 1216 1870 Facultatis
1259 1857 1280 1889 ‚
1349 1810 1406 1867 ὃ(
1453 1808 1643 1890 potius
1685 1807 2005 1891 Temporis
2064 1823 2068 1827 '

434 1924 631 1986 partus
657 1921 830 1982 quam
861 1895 1132 1980 Ingenii.
1179 1895 1277 1957 Est
1320 1893 1482 1956 enim
1526 1915 1678 1955 certe
1702 1895 1880 1957 Casus
1905 1895 2008 1956 ali·

433 1990 562 2073 quis
608 2010 724 2049 non
774 1984 962 2045 minus
1025 1983 1085 2045 in
1147 1980 1632 2066 Cogitationibus
1674 1979 1942 2044 humanis
1989 2029 2011 2059 ,

435 2099 612 2161 quam
662 2074 717 2134 in
748 2072 1044 2155 Operibus
1091 2072 1148 2129 8<
1173 2069 1342 2130 fafflis
1371 2116 1386 2132 .

523 2164 823 2226 CXXIII.
847 2166 1047 2241 itaque
1072 2157 1378 2219 dicendum
1405 2156 1474 2218 de
1501 2156 1669 2218 nobis
1699 2155 1828 2238 ipsis
1851 2155 2009 2240 quod

436 2251 536 2313 ille
588 2272 684 2332 per
731 2248 928 2328 jocum
952 2245 1111 2306 dixit
1138 2291 1154 2320 ,
1204 2243 1518 2327 praesertim
1545 2267 1677 2304 cum
1707 2266 1825 2303 tam
1857 2247 2007 2305 bene

438 2360 563 2398 rem
614 2337 759 2397 secet
814 2359 829 2397 ε
876 2335 1032 2395 Fieri
1077 2357 1176 2392 non
1213 2330 1380 2412 potest
1422 2350 1482 2388 ut
1526 2332 1670 2390 idem
1709 2331 2009 2412 sentiant,
2086 2364 2091 2401 ἓ

441 2426 537 2508 qui
561 2446 810 2504 aquam„
857 2423 931 2480 <J
953 2422 1050 2501 qui
1071 2420 1268 2480 vinum
1291 2419 1487 2478 bibant
1512 2462 1526 2475 .
1576 2419 1659 2477 At
1688 2416 1876 2477 caeteri
1905 2417 2007 2477 ho-

444 2511 635 2571 mines
681 2556 697 2583 ,
748 2530 868 2569 tam
916 2511 1161 2568 Veteres
1206 2526 1377 2588 quam
1428 2501 1594 2565 Novi
1644 2551 1662 2579 ,
1709 2504 2005 2585 liquorem

445 2597 721 2659 biberunt
750 2596 989 2656 crudum
1017 2596 1075 2655 iu
1102 2590 1375 2654 Scientiis
1402 2639 1417 2665 ,
1467 2611 1746 2672 tanquam
1771 2612 2008 2674 aquam,

445 2683 542 2744 vel
587 2683 784 2765 sponte
825 2704 894 2742 ex
941 2681 1255 2743 IntelleE’tu
1302 2698 1635 2749 manantem
1677 2725 1694 2752 ,
1763 2679 1876 2740 vel·
1905 2699 2008 2761 per
2085 2687 2088 2693 '

442 2767 836 2832 Dialee’ticam
862 2814 878 2844 ‚
926 2788 1204 2852 tanquam
1248 2789 1347 2850 per
1369 2785 1520 2825 rotas
1544 2789 1618 2827 ex
1662 2783 1837 2847 puteo
1862 2765 2003 2825 hau-

447 2858 587 2923 stam
611 2903 625 2918 .
675 2861 763 2934 At
787 2877 890 2918 nos
934 2854 1229 2941 liquorem
1259 2851 1518 2919 bibimus
1545 2855 1600 2914 δε
1623 2853 2001 2938 propinamus
2079 2851 2081 2853 ’

1843 2957 1919 2998 CX
