2098 3490
203 2668 328 2769 ‘Q

500 115 630 180 314
890 96 1532 158 VERULA’MII
1594 117 1597 121 ·

405 207 559 270 dicat
587 259 606 291 ,
658 227 844 270 motus
871 232 1058 272 rerum
1108 210 1338 273 tendere
1362 211 1430 273 ad
1454 205 1981 275 Conservationem

405 299 463 356 δε
489 299 717 358 Bonum
743 345 761 372 ,
811 298 901 359 vel
945 296 1195 361 universi
1221 347 1238 376 ,
1288 319 1349 360 ut
1368 298 1738 382 Antitrpiam
1774 299 1847 357 (9⁰
1870 306 1986 359 Ne.

400 408 527 444 xum
553 412 587 462 ;
635 385 725 443 vel
774 383 1210 447 universitatum
1260 409 1593 472 magnarum
1619 433 1636 462 ‚
1683 406 1747 448 ut
1794 407 1984 449 motus
2072 384 2074 390 ’

400 473 851 554 Congregationis
891 475 1177 552 Maioris,
1225 475 1553 535 Rotace'onis.
1590 520 1608 548 ,
1651 474 1726 533 Θ
1770 476 1985 535 Exhor-

395 563 583 620 rentt'ae
605 565 800 620 Motus
821 587 857 640 ;
904 562 996 622 vel
1021 567 1365 625 Formarum
1388 561 1718 646 specialium
1747 609 1763 637 ‚
1812 581 1873 623 ut
1899 584 1983 622 re-

396 645 592 730 liquos
620 697 632 711 .
684 650 856 709 Licet
900 649 1060 711 enim
1107 649 1226 713 haec
1254 673 1391 712 vera
1438 648 1546 712 fint
1570 698 1586 725 ‚
1635 669 1830 710 tamen
1876 649 1983 710 nifi

396 734 788 798 terminentur
833 735 897 798 in
944 737 1204 800 Materia
1252 741 1310 800 &
1356 737 1602 800 Fabrica
1668 737 1977 800 secundum

395 843 558 883 veras
584 823 763 883 lineas
791 872 808 898 ‚
854 823 1206 907 speculativa
1231 826 1358 888 sunt
1383 874 1400 902 ,
1451 828 1509 888 &
1535 826 1723 886 minus
1770 823 1939 887 utilia
1963 871 1981 886 .

395 909 650 972 Interim
680 910 964 973 sufficient
990 961 1005 989 ‚
1057 916 1113 974 δε
1141 913 1276 975 boni
1328 936 1495 975 erunt
1538 913 1662 976 usus
1689 961 1706 990 ‚
1751 914 1819 974 ad
1848 935 1980 993 pen-

391 995 635 1058 fitandas
658 1001 1152 1057 Praedominantias
1190 1000 1497 1060 Virtutum
1525 1047 1543 1073 ,
1590 1005 1646 1060 δε
1672 1000 1980 1083 exquiren-

390 1083 490 1145 das
512 1084 814 1154 Instantias
837 1081 1024 1142 Luffae
1045 1107 1081 1159 ;
1127 1081 1187 1142 id
1212 1084 1366 1164 quod
1416 1103 1567 1142 nunc
1594 1085 1787 1165 agitur
1812 1134 1828 1148 ,

476 1168 718 1230 Etenim
767 1190 843 1229 ex
886 1168 977 1230 his
1023 1184 1165 1252 quos
1212 1167 1615 1252 proposuimus
1664 1169 1935 1230 Motibus
1961 1219 1978 1247 ‚

387 1255 488 1317 alii
516 1256 738 1340 prorsus
786 1255 914 1317 sunt
942 1255 1376 1341 Invincibiie53
1423 1255 1524 1324 alii
1550 1255 1676 1318 aliis
1715 1256 1841 1318 sunt
1867 1257 1980 1318 for-

386 1344 565 1406 tiores
590 1393 605 1420 ,
654 1347 709 1405 &
759 1343 890 1404 illos
937 1343 1121 1427 ligant
1166 1391 1182 1419 ‚
1252 1343 1494 1405 fraenant
1539 1391 1554 1418 ,
1615 1343 1976 1431 disponunt3

384 1431 488 1492 alii
539 1430 671 1492 aliis
695 1430 922 1513 longius
972 1430 1296 1510 jaculantur
1323 1456 1344 1514 3
1392 1430 1495 1491 alii
1521 1430 1664 1492 alios
1712 1453 1973 1516 tempore

386 1522 445 1577 ὃς
471 1516 770 1580 celeritate
797 1539 1146 1599 praevertunt
1173 1541 1196 1600 3
1244 1517 1345 1579 alii
1392 1517 1535 1579 alios
1581 1517 1787 1581 fovent
1813 1571 1836 1602 ,
1884 1543 1967 1581 ro·-

388 1608 595 1667 borant
621 1604 906 1684 ampliant
934 1651 949 1677 ,
998 1604 1320 1665 accelerant
1348 1651 1364 1666 .
1763 1623 1766 1626 ’

472 1696 675 1752 Motus
697 1690 1019 1772 Amitppiae
1063 1691 1312 1752 omnino
1334 1694 1411 1755 est
1435 1693 1864 1755 Adamantinus
1910 1696 1968 1755 δε

383 1780 760 1840 Invincibilis
787 1829 803 1844 .
849 1781 1069 1839 Utrum
1097 1802 1235 1840 vero
1259 1784 1452 1840 Motus
1469 1786 1656 1841 Nexus
1681 1780 1745 1840 s1t
1772 1780 1969 1841 Invin-

380 1865 576 1927 cibilis
601 1915 616 1941 ,
666 1866 848 1928 adhuc
872 1866 1154 1928 haeremus
1177 1918 1192 1933 .
1245 1871 1452 1951 Neque
1475 1866 1635 1929 enirn
1662 1890 1766 1951 pro
1808 1889 1969 1929 certo

381 1954 867 2016 affirmaverimus
892 2002 909 2030 ,
957 1976 1149 2017 utrum
1177 1956 1340 2016 detur
1367 1960 1631 2018 Vacuum
1658 2004 1674 2030 ‚
1724 1953 1836 2017 five
1860 1960 1974 2017 Co-

379 2063 716 2104 acervatum
764 2093 786 2124 ‚
835 2041 948 2103 five
977 2042 1320 2105 Permistum
1348 2093 1364 2108 .
1413 2049 1499 2105 At
1537 2045 1607 2106 de
1651 2043 1759 2104 illo
1802 2043 1970 2104 nobis

378 2130 601 2191 constat
629 2131 986 2205 ‘Rationem
1013 2131 1176 2193 illam
1203 2180 1220 2207 ,
1246 2151 1477 2215 propter
1503 2155 1677 2216 quarn
1710 2131 1965 2192 introdu-

378 2217 538 2277 &um
567 2219 643 2278 est
674 2223 937 2279 Vacuum
965 2243 994 2279 a
1018 2220 1374 2303 Leucipp0‚&
1401 2221 1730 2296 Democrito,
1758 2221 1780 2299 s
1806 2219 1963 2279 vid-e-

376 2304 519 2365 licet
559 2307 714 2387 quod
742 2307 951 2388 absque
986 2306 1068 2368 ‘eo
1093 2330 1207 2368 non
1237 2300 1454 2390 polsent
1481 2310 1678 2368 eadem
1699 2311 1966 2388 Corpora
2004 2354 2006 2356 v

374 2392 688 2474 complesti
736 2397 790 2455 8<
841 2395 1082 2479 implere
1128 2397 1350 2475 majora
1394 2398 1450 2455 δ(
1479 2395 1706 2455 minora
1733 2392 1960 2476 spatia)

371 2478 575 2540 falsam
601 2479 710 2541 effe
738 2533 752 2546 .
779 2483 874 2544 Est
900 2484 1056 2543 enim
1088 2483 1255 2566 plane
1279 2483 1437 2544 Plica
1477 2483 1734 2542 Materiae
1758 2529 1777 2556 ,
1801 2503 1961 2541 com-

371 2567 644 2650 plicantis
691 2570 749 2629 8<
773 2571 1105 2650 repiicantis
1130 2571 1184 2633 se
1211 2594 1310 2655 per
1357 2570 1534 2655 spatia
1561 2570 1717 2630 inter
1764 2591 1959 2629 certos

373 2653 518 2715 fines
556 2655 766 2738 absque
797 2658 1229 2743 interpositione
1254 2658 1440 2720 Vacui
1491 2682 1504 2719 :
1560 2660 1767 2741 Neque
1791 2657 1869 2717 est
1893 2655 1956 2716 in

373 2746 534 2803 Aere
559 2794 580 2822 ,
627 2766 700 2805 ex
729 2748 930 2807 Vacuo
955 2795 971 2823 ‚
1021 2747 1109 2809 bis
1134 2745 1345 2809 millie's
1394 2748 1669 2830 (tantum
1694 2742 1852 2806 enim
1878 2743 1959 2805 es-

372 2830 428 2892 se
450 2832 727 2915 oportet)
777 2833 901 2917 plus
924 2857 1097 2917 quam
1125 2834 1184 2899 in
1213 2839 1379 2899 Auro
1404 2884 1421 2900 .
1471 2835 1533 2897 Id
1557 2832 1707 2918 quod
1755 2855 1827 2893 ex
1855 2854 1954 2911 po—

1754 2940 1874 2980 ten·
