2131 3573
3 1760 7 1799 τ»
78 1758 360 1821 torquent
407 1786 424 1813 ‚
474 1739 533 1799 &
580 1757 971 1820 corrumpunt
1021 1760 1035 1774 ·

2 1817 7 1834 ο

2 1854 7 1886 1

19 0 33 85 l

25 256 29 296 ,τ

20 330 26 388 ι’

10 632 21 824 l

12 975 20 1169 ‚¹

366 113 732 176 NOVUM
790 117 1368 181 ORGANUM.
1479 139 1558 203 41

63 249 192 300 'aut
235 233 307 294 ab
353 225 621 314 inquieto
666 230 848 289 Motu
894 230 1066 313 eju53
1115 251 1213 290 aut
1256 233 1329 290 ab
1375 230 1660 298 infusione

93 323 409 388 affeEluutn
457 341 478 403 3
528 338 628 377 aut
677 318 750 378 ab
799 315 1264 403 incompetentia
1309 321 1587 384 Senl'uurn
1636 348 1658 410 3

90 434 189 477 aut
216 416 289 474 ab
326 405 714 488 impreffionis
739 406 917 468 modo
943 458 959 472 .

181 503 357 566 LIII.
406 498 565 556 Idola
591 503 796 578 Specus
819 519 1015 556 ortum
1065 497 1281 559 liabent
1310 520 1382 568 ex
1428 501 1662 581 propria

92 589 368 672 cujusque
393 587 625 648 Natura
673 587 731 644 &
778 584 965 646 animi
1011 589 1066 646 ὃ(
1114 587 1375 669 corporis
1414 611 1435 671 3
1484 609 1660 671 atque

101 681 278 741 etiam
301 698 393 737 ex·
421 673 772 736 educatione
798 723 816 751 ‚
866 676 926 735 δε
954 675 1366 738 consuetudine
1397 725 1411 752 ‚
1463 679 1520 737 δε
1546 676 1666 736 for-

91 767 291 830 tuitis.
341 765 519 843 Quod
549 787 728 848 genus
757 812 774 839 ,
824 762 967 825 licet
994 762 1059 824 sit
1106 766 1333 827 varium
1363 815 1377 842 ,
1428 768 1484 826 ὃς
1516 766 1667 826 mul-

93 856 275 938 tiplex
302 901 319 930 ‚
371 875 568 913 tamen
616 877 679 915 ea
734 874 1123 937 proponemus
1153 904 1169 931 ‚
1221 855 1278 915 in
1307 856 1520 940 quibus
1547 878 1670 915 ma-

90 945 250 1006 xima
275 941 499 1005 Cautio
524 942 602 1004 est
632 994 651 1024 ‚
701 964 946 1027 quaeque
998 943 1322 1025 plurimum
1370 945 1570 1007 valent
1598 944 1672 1006 ad

85 1032 464 1119 polluendum
498 1032 879 1094 Intellefilum
910 1080 926 1108 ‚
974 1055 1044 1092 ne
1073 1032 1136 1093 sit
1186 1057 1359 1118 purus
1385 1082 1400 1097 .

168 1125 345 1186 LIV.
398 1122 701 1183 Adamant
751 1120 1025 1183 homines
1063 1123 1354 1184 Scientias
1400 1126 1456 1184 &
1506 1126 1669 1185 Con-

9 1267 12 1269 ,
80 1209 508 1291 templationes
555 1209 976 1291 particulares3
1026 1233 1124 1270 aut
1148 1213 1287 1293 quia
1311 1213 1580 1273 authores
1608 1217 1667 1273 δε

82 1298 426 1359 inventores
474 1294 529 1356 se
574 1295 1109 1381 earum‘creduntg
1158 1319 1256 1358 aut
1302 1299 1439 1381 quia
1488 1301 1670 1383 pluri.

85 1408 250 1449 mum
278 1382 486 1446 inillis
531 1403 721 1462 operae
766 1383 1131 1463 posuerunt,
1183 1385 1371 1466 iisque
1398 1388 1667 1449 maxime

79 1473 486 1537 assueverant.
536 1468 899 1547 Hujusmodi
952 1491 1095 1528 vero
1140 1469 1455 1547 hominm,
1507 1473 1545 1533 fi
1595 1478 1666 1537 ad

81 1560 524 1642 Philosophiam
592 1559 650 1618 δε
701 1555 1260 1636 contemplationes
1305 1559 1669 1624 universales

80 1651 139 1714 se
163 1647 520 1713 contulerint
547 1694 563 1725 ,
610 1644 746 1707 illas
773 1669 848 1707 ex
875 1644 1174 1728 prioribus
1205 1648 1528 1711 Phantafiis
1573 1652 1669 1712 de..

1017 1795 1037 1820 ‚
1089 1736 1146 1798 id
1191 1740 1349 1823 quod
1400 1739 1668 1802 maxime

81 1826 464 1912 conspicuum
492 1824 757 1886 cernitur
779 1825 842 1885 in
875 1827 1216 1903 Artstotele,
1272 1828 1371 1911 qui
1405 1832 1664 1890 Natura-

0 1894 7 2023 f
76 1917 195 1983 lem
245 1917 403 1978 suam
454 1913 942 1995 Philosophiam,
992 1915 1234 1999 Logicae
1278 1920 1386 1979 suae
1434 1918 1663 2000 prorsus

76 2001 449 2087 mancipavit
477 2052 493 2078 ,
542 2023 610 2064 ut
635 2025 763 2064 eam
790 2000 909 2061 fere
942 2002 1214 2069 inutilem
1242 2009 1298 2068 ὃ(
1328 2008 1660 2071 contentio-

76 2095 201 2158 sam
248 2090 568 2154 reddiderit
615 2140 630 2154 .
680 2090 1120 2170 Chymicorum
1171 2115 1365 2157 autern
1415 2119 1596 2177 genus
1643 2145 1664 2173 ‚

81 2207 159 2246 ex
186 2181 381 2266 paucis
405 2179 836 2264 experimentis
863 2178 1123 2243 fornacis
1149 2230 1166 2258 ,
1218 2147 1665 2266 Philosophiam

83 2273 511 2334 constituerunt
558 2270 982 2355 phantasticam
1031 2321 1047 2346 ‚
1097 2272 1154 2331 &
1202 2272 1272 2334 ad
1316 2295 1496 2356 pauca
1542 2274 1665 2358 spe-

85 2362 414 2424 &anter-n·
401 2411 413 2422 .
466 2359 827 2439 Quinetiam
872 2362 1198 2438 Gilbertus‚
1247 2362 1550 2447 postquam
1598 2364 1664 2426 in

84 2447 697 2529 contemplationibus
743 2450 1045 2535 Magnetis
1091 2449 1146 2510 se
1212 2449 1657 2515 laborioliffime

88 2538 432 2601 exercuisset
459 2537 798 2616 ‚confinxit
828 2539 1020 2601 statim
1051 2539 1494 2627 Philosophiam
1520 2564 1656 2602 con-

6 2632 12 2633 ’
93 2626 423 2692 sentaneam
450 2627 529 2689 rei
558 2631 707 2713 apud
753 2629 938 2712 ipsum
989 2630 1389 2711 praepollenti.

180 2718 319 2784 LV.
369 2718 711 2780 Maximum
741 2721 799 2780 &
851 2720 1011 2778 velut
1057 2718 1309 2783 radicale
1335 2716 1659 2782 discrimen

89 2803 460 2890 ingeniorum
486 2855 505 2883 ,
553 2809 744 2893 quoad
773 2805 1212 2889 Philosophiam
1238 2812 1296 2871 δε
1320 2805 1606 2872 Scientias
1633 2855 1652 2882 ‚

86 2891 236 2956 illud
261 2893 365 2978 estg
391 2896 548 2980 quod
574 2895 691 2960 alia
717 2896 951 2983 ingenia
978 2894 1083 2959 fint
1108 2894 1353 2961 fortiora
1378 2899 1434 2961 8<
1459 2894 1654 2980 aptio-

1502 3006 1564 3047 ra
