2098 3490
513 124 639 188 334
922 94 1552 164 VERULAMII

494 214 688 301 Atqui
738 214 983 296 majores
1008 216 1064 274 δ(
1114 212 1296 297 magis
1320 210 1597 276 catholici
1625 233 1813 274 rerum
1844 227 1975 274 cons

408 305 594 367 sensus
643 327 754 365 non
784 301 1003 387 prorsus
1050 301 1276 363 obscuri
1326 303 1492 367 sunt.
1541 304 1741 383 ltaque
1787 302 1857 361 ab
1901 302 1976 361 iis

410 392 756 454 ordiendum
784 441 800 456 .
849 395 1068 452 Eorum
1097 390 1284 470 prima
1331 394 1383 450 ὅ(
1414 390 1634 451 summa
1682 387 1975 450 diversitas

405 502 473 541 ea
521 479 646 564 estg
697 500 755 541 ut
780 478 1043 562 quaedam
1090 500 1331 559 corpora
1375 477 1562 560 Copia
1610 480 1667 536 δε
1715 476 1978 536 Raritate

412 568 701 633 Materiae
746 567 1055 628 admodum
1103 565 1422 648 discrepent
1472 612 1488 641 ,
1539 564 1981 632 Schematismis

410 653 774 716 consentiant
818 677 839 737 3
908 653 1029 716 alia
1068 674 1273 714 contra
1302 701 1320 729 ,
1367 653 1554 735 Copia
1604 655 1657 713 ὅ(
1711 650 1977 712 Raritate

407 743 685 808 Materiae
713 741 1077 805 consentiant
1103 787 1119 817 ,
1166 740 1600 803 Schematismis
1624 739 1937 820 discrepent
1962 786 1973 807 f,

409 832 571 894 Nam
598 854 716 892 non
745 829 894 891 male
923 849 1190 891 notatum
1240 829 1317 889 est
1340 854 1370 889 a
1394 829 1531 905 Chy
1541 827 1708 889 micis
1737 828 1792 887 in
1823 850 1979 909 pun

408 917 701 998 cipiorum
750 918 981 979 suorum
1025 916 1288 992 Triade‚
1334 916 1587 998 Sulphur
1633 919 1688 977 ὃς
1737 919 1983 979 Mettu-

405 1004 561 1066 rium
588 1004 743 1087 quasi
793 1027 890 1083 per
916 1002 1376 1067 Univerfitatem
1427 1026 1615 1063 rerum
1644 1024 1979 1080 permeare.

409 1094 611 1173 (Nam
659 1092 725 1150 de
749 1089 877 1149 Sale
925 1086 1118 1168 inepta
1146 1086 1298 1145 ratio
1343 1086 1463 1160 est,
1510 1085 1601 1145 sed
1629 1087 1980 1162 introdusta,

408 1177 667 1261 utpoffit
717 1173 1205 1258 comprehendere
1231 1194 1475 1255 corpora
1527 1193 1756 1248 terrea,
1805 1172 1982 1249 sicca,

408 1267 470 1326 ὃ(
519 1263 678 1327 fixa.
705 1265 728 1344 J
781 1268 868 1326 At
895 1282 1045 1324 certe
1095 1260 1297 1323 inillis
1322 1262 1544 1324 duobus
1575 1221 1803 1321 videtisr
1824 1264 1983 1323 Con

412 1352 598 1414 sensus
645 1350 889 1437 quidam
941 1353 1181 1412 Naturae
1227 1373 1298 1410 ex
1347 1351 1605 1411 maxime
1654 1348 1984 1411 Catholicis

408 1440 702 1518 conspici.
754 1436 993 1499 Etenim
1021 1435 1391 1496 consentmnt
1418 1437 1715 1522 Sulphur·
1742 1437 1983 1513 Oleum,

410 1531 468 1589 δ(
512 1525 828 1588 Exhalatio
878 1523 1104 1606 pinguis
1152 1549 1187 1598 ;
1233 1524 1500 1584 flamma
1543 1550 1579 1600 ,-
1645 1494 1715 1584 &³
1748 1524 1981 1586 fortasse

409 1617 642 1695 Corpus
685 1613 881 1679 Stellae
924 1657 937 1671 .
1011 1614 1102 1670 Ex
1149 1609 1328 1670 altera
1379 1633 1539 1693 parte
1611 1612 1981 1672 consentiunt

410 1698 816 1776 IVIercurius;
866 1704 1040 1781 Aqua
1087 1700 1145 1758 δ(
1179 1700 1432 1778 Vapores
1479 1700 1736 1780 Aquei;
1782 1704 1905 1758 Aer
1952 1722 1974 1783 3

413 1792 471 1847 ἃ
516 1787 746 1848 fortasse
774 1786 980 1848 AEther
1028 1787 1277 1867 purus&
1325 1784 1758 1849 interstellariS.
1810 1791 1985 1846 A-tta

414 1899 548 1936 men
599 1875 684 1935 isti
734 1875 1166 1953 Quaterniones
1216 1871 1438 1956 gemini
1486 1922 1503 1949 ‚
1572 1873 1685 1933 five
1743 1877 1983 1956 Magnae

418 1986 607 2024 rerum
651 1962 872 2024 Tribus
916 2011 933 2039 ‚
987 1966 1272 2044 (utraque
1318 1959 1470 2021 intra
1514 1961 1763 2022 Ordines
1810 1961 1980 2035 suos)

416 2051 604 2132 Copia
633 2051 910 2116 Materiae
955 2071 1124 2132 atque
1152 2046 1447 2114 Denfitate
1495 2048 1841 2110 immensum
1871 2048 1979 2109 dif-

419 2136 611 2199 ferunt
655 2187 672 2215 ‚
722 2138 813 2200 sed
862 2135 1286 2199 Schematismo
1334 2135 1499 2198 valde
1545 2137 1902 2198 conveniunt
1966 2153 1978 2197 ε’

421 2246 481 2286 ut
529 2226 588 2286 in
614 2225 880 2305 plurimis
928 2226 982 2288 se
1026 2225 1312 2307 produnt.
1364 2228 1450 2284 At
1477 2245 1680 2286 contra
1724 2224 1981 2289 Metalla

423 2312 647 2374 diversa
673 2315 864 2396 Copia
890 2316 945 2374 ὅ(
976 2312 1284 2374 Βεηῐίῐεῑο
1304 2311 1553 2373 multum
1577 2311 1935 2372 conveniunt
1961 2362 1982 2391 a:

425 2399 786 2481 (praesertim
833 2402 1091 2484 respeffiu
1141 2398 1557 2483 vegetabilium
1604 2448 1619 2474 ,
1669 2399 1831 2474 ἃς.)
1884 2398 1980 2460 sed

422 2487 845 2550 Schematismo
871 2488 1254 2550 multifariam
1304 2486 1626 2569 differunt;
1675 2488 1730 2546 δε
1777 2484 1983 2546 simili-s

423 2594 512 2636 ter
539 2577 902 2658 Vegetabilia
951 2582 1008 2639 Sc
1048 2574 1357 2638 Animalia
1401 2573 1664 2648 diversa,
1712 2573 1981 2641 Schema-

428 2661 614 2724 tismis
657 2661 811 2747 quafi
853 2663 1100 2727 infinitis
1147 2664 1492 2742 variantur,
1539 2661 1630 2722 sed
1676 2662 1824 2722 intra
1865 2664 1982 2722 Co·-

430 2748 583 2827 piam
610 2751 884 2825 Materiae
912 2799 928 2823 ,
976 2752 1084 2811 five
1114 2750 1466 2815 Denfitatem
1501 2771 1827 2833 paucorum
1852 2771 1983 2832 gra-

430 2836 607 2898 duum
635 2886 651 2915 ‚
698 2838 1066 2901 continentur
1093 2891 1109 2906 ‚

1807 2924 1899 2983 Se.
