2098 3490
525 134 650 218 336
937 124 1561 189 VERULAMM

428 268 528 309 aut
572 272 603 307 a
628 242 911 329 proximis
957 264 1073 302 non
1099 239 1415 318 admodum>
1455 251 1729 319 remota;
1773 232 1886 298 Sed
1909 231 1984 297 al·-

428 337 607 396 tiores
658 336 710 393 ὃ(
740 329 1014 393 radicales
1059 325 1424 414 operationes
1469 325 1632 410 super
1655 326 1991 408 Naturam,
2068 391 2071 395 ,

379 428 381 431 ’
428 422 684 505 pendent
755 419 954 499 utique
1000 419 1071 480 ab
1141 414 1564 478 Axiomatibus
1610 410 1904 496 primariis
1971 459 1984 473 .

423 508 775 588 Quinetiam
825 505 1064 567 ubinon
1110 505 1277 566 datur
1301 500 1526 565 homini
1575 498 1822 562 facultas
1860 523 1989 581 ope-

423 595 636 672 randi,
684 596 774 655 sed
803 615 1028 656 tantum
1077 589 1292 654 {ciendi
1321 640 1338 668 ‚
1385 612 1448 653 ut
1495 589 1555 652 in
1579 586 1926 650 Goelestibus
1971 634 1990 660 ‚

429 688 667 766 (neque
691 681 849 743 enim
879 681 1219 743 conceditur
1265 677 1493 742 homini
1518 675 1739 761 operari
1766 674 1828 735 in
1851 678 1993 735 Coes·

423 770 584 832 lestia
629 819 646 848 ,
713 791 810 838 aut
857 793 922 831 ea
987 769 1303 831 immutare
1369 787 1467 830 aut
1512 762 1919 826 transformare
1968 761 1991 840 )

423 880 622 921 tamen
649 856 958 939 Inquisitio
1004 857 1148 919 facsti
1197 853 1409 938 ipsum,
1456 853 1571 915 sive
1597 849 1862 913 veritatis
1885 847 1993 923 rei,

421 969 545 1008 non
594 945 789 1006 minus
817 968 993 1028 quam
1018 944 1283 1029 cognitio
1305 936 1628 1006 Causarum
1679 942 1734 1000 &
1764 938 1996 999 consen-

419 1034 631 1106 suum,
679 1034 749 1094 ad
775 1032 1059 1115 primaria
1105 1033 1210 1092 illa
1266 1029 1660 1092 &Gatholica
1707 1026 1997 1087 Axioma-

423 1143 486 1180 ta
532 1121 600 1179 de
647 1119 889 1181 Naturis
938 1116 1298 1197 simplicibus
1346 1116 1581 1194 (veluti
1647 1116 1719 1174 de
1769 1118 1993 1174 Natura

422 1204 770 1268 Rotationis
817 1204 1184 1288 spontaneae‚
1232 1197 1631 1261 Attraaionis
1678 1197 1795 1258 five
1819 1198 1996 1260 virtu.

424 1294 503 1355 tis
527 1291 925 1377 Magneticae,
973 1293 1033 1352 8<
1080 1289 1336 1351 aliorum
1384 1283 1825 1369 complurium,
1873 1305 2001 1366 quae

418 1381 611 1464 magis
658 1377 998 1441 communia
1043 1376 1172 1436 sunt
1216 1427 1238 1457 a
1285 1398 1462 1458 quarn
1511 1371 1631 1455 ipsa
1673 1369 1998 1450 OEoelestia)

425 1468 712 1531 refertur.
764 1468 975 1546 Neque
1002 1462 1163 1522 enim
1211 1462 1399 1544 speret
1424 1459 1634 1541 aliquis
1679 1458 2000 1535 terminare

424 1553 806 1637 quaestionem
852 1597 870 1623 ,
940 1569 1135 1612 utrum
1182 1547 1246 1610 in
1292 1551 1472 1610 Motu
1519 1547 1728 1608 diurno
1794 1569 1999 1608 revera

425 1645 617 1703 Terra
665 1659 761 1699 aut
785 1635 1030 1698 Coelum
1079 1656 1279 1719 rotetg,
1327 1634 1433 1697 nist
1479 1637 1773 1698 Naturam
1820 1639 1996 1695 Rota-

423 1727 605 1790 tionis
654 1726 978 1806 spontaneae
1003 1723 1161 1804 prius
1209 1721 1777 1806 comprehenderit.-
2014 1780 2018 1783 ,
2094 1772 2098 1794 .

515 1818 627 1875 VI.
674 1819 882 1873 Latens
929 1833 1125 1872 autem
1173 1811 1604 1892 Proceffus‚,de
1649 1832 1767 1892 quo
1809 1807 1996 1891 loqui·
2064 1811 2092 1826 ”

421 1925 602 1976 mur,
652 1901 820 1984 longe
864 1899 978 1960 alia
1022 1921 1115 1960 res
1159 1899 1274 1974 est,
1322 1913 1502 1982 quam
1546 1895 1759 1958 animis
1804 1894 2005 1957 homi-

426 2013 570 2053 num
621 1988 914 2071 (qualiter
962 2009 1113 2048 nunc
1156 1983 1534 2065 obsidentur)
1606 1982 1780 2045 facile
1829 1982 1999 2066 poffit

426 2099 768 2142 occurrere.
820 2079 1031 2157 Neque
1074 2074 1233 2135 enim
1279 2072 1666 2156 intelligimus
1711 2071 2001 2131 mensuras

428 2165 702 2248 quasdam
731 2213 747 2239 ‚
793 2185 891 2225 aut
938 2164 1136 2246 ligna,
1182 2181 1277 2223 aut
1321 2160 1496 2222 scalas
1543 2158 1826 2242 processus
1870 2206 1886 2231 ‚
1935 2159 1994 2217 in

430 2253 769 2335 corporibus
816 2250 1155 2333 spefitabiles
1201 2273 1223 2332 3
1289 2247 1382 2309 sed
1437 2248 1605 2330 plane
1671 2245 1996 2328 proceffum

429 2341 835 2403 continuatum
883 2387 900 2415 ,
967 2338 1068 2422 qui
1120 2334 1379 2400 maxima
1445 2358 1518 2396 ex
1565 2354 1726 2417 parte
1774 2332 1995 2392 sensum

426 2427 585 2511 ,fugit
615 2476 627 2489 .

521 2509 792 2595 Exempli
843 2513 1031 2599 gratia
1078 2538 1100 2598 3
1171 2515 1237 2572 In
1278 2509 1441 2572 omni
1490 2507 1865 2594 generatione
1934 2510 1993 2567 &

435 2601 952 2665 transformatione
1024 2605 1358 2683 Corporum
1404 2647 1422 2674 ,
1490 2596 1906 2679 inquirendum
1976 2642 1994 2669 ‚

431 2689 1310 2774 quid'deperdatur&evolet,
1358 2683 1503 2769 quid
1530 2704 1804 2758 maneat,
1851 2681 1992 2766 q'uid

433 2778 669 2840 accedat
707 2798 729 2859 3
776 2776 914 2858 quid
962 2777 1240 2838 dilatetur
1281 2822 1298 2850 ,
1363 2773 1503 2857 quid
1549 2770 1923 2834 contrahatur
1969 2789 1992 2851 ;

436 2865 576 2950 quid
623 2864 896 2941 uniatur,
945 2865 1083 2948 quid
1129 2865 1456 2950 separetur3
1501 2861 1643 2946 quid
1689 2857 1992 2921 continue-

484 2977 487 2979 ·
1775 2964 1911 3026 tur,

2096 2013 2098 2103 i

865 3017 891 3037 Χ
