2131 3573
1464 104 1537 168 25

60 258 188 304 mus
212 286 229 315 ‚
276 256 347 296 ex
370 221 710 291 nominibtfs
735 210 1021 299 impolitis
1046 205 1233 289 magis
1256 202 1634 265 familiariter

52 346 321 392 occurrat
346 344 368 406 3
413 317 596 378 altera
640 305 793 370 ratio
834 353 849 380 ,
901 301 1013 364 five
1060 295 1158 359 via
1204 344 1226 375 ‚
1273 289 1637 372 Amicipati·

53 416 271 483 Mentis
289 437 326 490 ,·
367 410 547 469 altera
574 450 591 478 ,
640 391 1024 479 Interpretatio
1071 390 1305 450 Naturae
1330 429 1347 458 ‚
1395 404 1426 442 a
1466 375 1636 439 nobis

56 498 330 595 appellari
379 488 686 556 consuevit
713 536 727 549 .

143 593 237 658 Est
256 586 438 650 etiam
463 579 619 666 quod
659 572 973 662 petendum
991 565 1234 630 -videtur
1259 611 1274 627 .
1331 560 1462 622 Nos
1491 575 1642 616 certe

55 675 481 769 cogitationem
510 666 858 751 suscepimus
885 710 901 739 ‚
929 662 986 720 8<
1013 677 1212 720 curam
1240 644 1641 716 adhibuimuS,

55 796 116 838 ut
162 791 285 855 quae
311 789 339 828 a
366 761 536 826 nobis
582 771 984 841 proponentur
1009 795 1028 825 ,
1075 766 1192 807 non
1220 758 1455 803 tantum
1505 753 1644 792 vera

51 860 224 925 effent
251 906 268 932 ‚
310 855 400 917 sed
426 850 603 913 etiam
630 848 700 908 ad
728 843 956 906 animos
980 833 1291 899 hominum
1322 829 1342 910 (
1372 825 1509 886 licet
1538 819 1649 881 rni-

57 951 129 1014 ris
155 943 343 1009 modis
390 958 705 1023 occupatos
730 924 1157 995 &interclusos
1184 922 1203 1002 )
1256 940 1371 979 non
1421 914 1650 975 incom-

54 1038 222 1101 mode
246 1053 349 1098 ωε
371 1031 561 1115 aspere
586 1024 955 1090 accederent.
983 1020 1390 1075 Veruntamen
1418 1019 1654 1085 aequum

54 1128 173 1203 est,
221 1146 285 1186 ut
327 1123 403 1184 ab
451 1114 792 1181 hominibus
839 1110 1221 1190 impetremus
1260 1147 1276 1174 ,
1329 1093 1435 1179 (in
1485 1108 1652 1151 tanta

53 1212 377 1301 praesertim
407 1204 827 1268 Duelli-inarum
857 1200 913 1256 8<
940 1189 1333 1254 Scientiarum
1379 1180 1653 1243 restaura-

63 1298 274 1380 tione)
324 1317 386 1357 ut
415 1292 516 1377 qui
564 1286 813 1350 dehisce
839 1279 1046 1342 nostris
1095 1274 1316 1357 aliquid
1345 1317 1362 1346 ,
1411 1268 1528 1328 five
1577 1286 1654 1325 ex

52 1389 214 1455 sensu
241 1383 477 1468 proprio
503 1427 521 1454 ‚
569 1376 683 1436 five
708 1394 784 1434 ex
810 1365 1240 1430 authoritatum
1269 1358 1437 1419 turba
1468 1403 1484 1427 ,
1534 1351 1655 1412 five

57 1504 133 1543 ex
157 1465 716 1541 demonstrationum
746 1454 979 1527 formiS,
1016 1453 1165 1532 (quae
1192 1466 1344 1506 nunc
1372 1460 1656 1521 tanquam

56 1573 246 1652 Leges
268 1558 530 1644 quaedam
561 1545 862 1634 judiciales
888 1532 1311 1613 invaluerunt)
1363 1529 1612 1599 statuere
1635 1573 1654 1597 ‚

54 1678 155 1721 aut
177 1650 510 1716 existimare
538 1638 681 1702 velit
710 1660 732 1721 3
780 1657 849 1695 ne
876 1630 931 1691 id
982 1627 1037 1689 in
1066 1622 1309 1685 transitu
1335 1669 1352 1696 ,
1405 1620 1460 1678 ὅ(
1490 1614 1656 1677 velut

48 1744 212 1809 aliud
237 1734 461 1823 agendo
489 1784 510 1815 ,
558 1729 748 1792 facere
774 1724 827 1787 se
854 1715 1008 1805 poffe
1034 1716 1219 1798 speret
1250 1735 1270 1795 ;
1319 1708 1410 1770 sed
1438 1726 1501 1767 ut
1526 1725 1658 1768 rem

51 1828 357 1920 pernoscat
387 1849 408 1908 3
457 1822 713 1884 nostram
738 1867 762 1893 ,
810 1831 988 1893 quam
1013 1801 1400 1868 describimus
1441 1798 1498 1856 ἃ
1527 1815 1653 1854 mu-

48 1921 243 1985 nimus
267 1966 286 1995 ,
333 1915 495 1977 viam
544 1906 661 1989 ipse
705 1897 987 1985 paulatim
1036 1912 1218 1955 tentet
1258 1912 1280 1975 3
1328 1882 1652 1947 subtilitati

45 2030 249 2073 rerum
277 2053 295 2082 ,
345 2023 471 2085 quae
499 1996 558 2058 in
582 1986 954 2075 experientia
984 1982 1198 2067 signata
1221 1976 1325 2054 est,
1352 1970 1654 2056 affuescat3

41 2096 263 2185 'pravos
299 2089 552 2171 denique
580 2135 602 2168 ‚
649 2101 825 2163 atque
850 2075 962 2138 alte
987 2071 1268 2134 haerentes
1315 2060 1529 2127 mentis
1552 2060 1654 2121 ha-

56 2187 213 2250 bitus
238 2232 254 2259 ‚
302 2172 649 2259 tempestiva
676 2220 693 2247 ‚
743 2171 800 2230 &
826 2160 984 2248 quali
1023 2157 1296 2243 legitima
1321 2174 1486 2224 mora
1532 2171 1657 2208 cor-

53 2276 204 2359 rigat
231 2296 254 2358 3
301 2289 482 2353 atque
528 2284 655 2324 tum
702 2260 938 2320 demum
991 2253 1011 2332 (
1040 2247 1078 2307 sl
1121 2235 1406 2329 placuerit
1434 2240 1453 2312 )
1506 2236 1652 2319 post-

56 2360 318 2446 quam,in
358 2353 640 2443 potestate
665 2349 760 2412 sua
805 2342 916 2408 effe
943 2334 1231 2424 coeperit,
1280 2325 1505 2416 judicio
1551 2324 1652 2389 suo

52 2473 255 2513 Utatur
280 2497 294 2512 .

1317 2962 1371 3017 P
1391 2919 1555 3017 AR-
