2131 3573
346 125 718 191 NOVUM
775 133 1359 201 ORGANUM.
1470 156 1556 222 79

160 242 341 322 Quod
384 240 577 326 fiquis
619 242 691 303 ab
717 241 995 315 Officinis
1036 244 1106 306 ad
1147 244 1549 312 Bibliothecas
1594 248 1649 312 se

8 368 23 412 μ
74 330 438 396 converterit
473 382 495 412 ‚
543 334 601 392 δ(
649 330 994 394 immensam
1041 356 1217 416 quam
1269 334 1535 400 videmus
1579 338 1650 401 li·

8 427 16 490 ἑ
73 422 316 485 brorum
365 420 712 480 varietatem
762 419 824 481 in
871 421 1268 483 admiratione
1315 422 1580 488 habuerit
1628 477 1645 504 ,

69 510 119 573 is
146 508 501 573 examinatis
526 511 584 568 δε
611 508 953 592 diligentius
1000 510 1369 596 introspeffis
1393 511 1654 595 ipsorum

71 599 359 674 librorum
391 596 653 659 materiis
681 599 741 659 ἃ
770 599 1063 662 contentis
1087 647 1105 678 ,
1151 600 1511 686 obstupescet
1538 626 1656 664 cer-

72 709 130 750 te
176 688 238 749 in
264 685 633 750 contrarium
665 709 685 771 3
736 689 792 748 8<
819 687 1120 774 postquam
1164 690 1392 754 nullum
1419 693 1545 755 dari
1592 690 1657 754 fi-

72 799 211 839 nem
276 775 735 861 repetitionibus
801 778 1204 842 observaverit
1268 828 1286 859 ,
1353 803 1656 866 quumque

68 864 343 928 homines
388 865 595 929 eadem
642 885 817 951 agant
862 866 1300 954 &loquantur‚
1353 871 1426 932 ab
1473 869 1658 932 admi·

67 954 300 1017 rationo
346 954 654 1017 varietatis
682 953 949 1018 transibit
999 960 1066 1020 ad
1110 959 1461 1022 miraculum
1510 958 1661 1022 indi-

69 1043 283 1129 gentiae
331 1044 728 1129 &paucitatis
775 1068 977 1109 earum
1006 1070 1239 1125 rerum,
1292 1071 1420 1133 quae
1467 1047 1661 1111 homi-

67 1155 215 1195 num
241 1156 461 1195 mentes
488 1135 673 1196 adhue
701 1155 1016 1217 tenuerunt
1043 1139 1099 1197 ἃ
1127 1157 1492 1221 occuparunt
1517 1185 1531 1198 .

161 1223 341 1297 Quod
391 1221 584 1302 fiquis
629 1221 700 1280 ad
740 1220 1091 1284 intuendum
1137 1247 1246 1304 ea,
1295 1249 1421 1308 quae
1470 1226 1664 1310 magis

71 1306 298 1370 curiosa
343 1305 636 1369 habentur
678 1329 856 1391 quarn
905 1309 1079 1385 sana,
1127 1311 1392 1374 animum
1445 1313 1659 1376 submi-

69 1394 251 1474 serit,
304 1396 363 1456 &
408 1394 917 1472 Alchymistarum
963 1414 1061 1454 aut
1106 1398 1436 1478 Magorum
1483 1425 1661 1484 opera

71 1483 330 1570 penitius
376 1479 799 1562 introspexerit
845 1529 863 1557 ,
929 1479 978 1543 is
1023 1480 1324 1545 dubitabit
1369 1484 1656 1568 forsitan,

73 1594 269 1636 utrum
295 1569 407 1631 risu
432 1616 449 1644 ,
495 1591 568 1630 an
595 1568 918 1649 lachrymis
957 1569 1152 1654 potius
1178 1570 1280 1635 illa
1304 1572 1480 1660 digna
1506 1575 1616 1640 sint
1646 1625 1663 1643 .

67 1658 445 1739 Alchymista
469 1657 629 1720 enim
658 1658 815 1743 spem
843 1657 948 1721 alit
977 1679 1253 1724 aeternam
1278 1715 1302 1747 ‚
1351 1685 1527 1750 atque
1553 1666 1656 1730 ubi

67 1773 158 1813 res
201 1772 319 1811 non
347 1746 600 1811 succedit
627 1797 643 1824 ,
693 1770 920 1812 errores
965 1749 1235 1834 proprios
1279 1774 1407 1815 reos
1453 1754 1662 1819 substi-

63 1838 235 1924 ,tuitg
283 1838 475 1900 secum
502 1837 862 1899 accusatorie
906 1842 1227 1922 reputando
1253 1891 1269 1918 ,
1318 1843 1374 1905 se
1410 1867 1510 1906 aut
1539 1849 1660 1907 Ar-

70 1926 190 2002 tiS‚
239 1948 338 1988 aut
388 1926 729 1988 Authorum
777 1927 1064 1989 vocabula
1110 1954 1228 1992 non
1255 1930 1391 1993 satis
1436 1931 1659 1996 intelli-

73 2014 271 2101 xiffe3
317 2015 468 2077 unde
491 2016 561 2078 ad
609 2013 1041 2077 traditiones&
1084 2019 1441 2083 auriculares
1480 2022 1661 2086 fusura

70 2127 171 2169 ros
194 2103 459 2166 animum
486 2103 746 2188 applicat
775 2128 795 2190 3
846 2107 1026 2166 autin
1056 2108 1329 2189 prassicae
1374 2111 1483 2173 suae
1510 2113 1661 2174 scru-

71 2192 227 2278 pulis
250 2196 307 2255 &
337 2194 656 2273 momentis
683 2194 908 2276 aliquid
955 2194 1274 2259 titubaturn
1298 2197 1410 2261 effe
1442 2222 1465 2282 3
1515 2202 1666 2263 unde

76 2283 502 2366 Experimenta
546 2283 607 2344 in
644 2282 949 2345 infinitum
995 2286 1256 2369 repetit:
1305 2311 1371 2349 ac
1416 2287 1661 2353 interim

69 2393 256 2457 quum
285 2373 436 2435 inter
462 2373 1028 2456 Experimentorum
1054 2375 1234 2436 sortes
1259 2423 1275 2451 ‚
1302 2375 1362 2436 in
1390 2379 1658 2461 quaedam

71 2460 283 2523 incidit
328 2483 425 2523 aut
472 2463 588 2546 ipsa
634 2462 785 2524 facie
832 2488 1027 2546 nov-a,
1075 2485 1173 2527 aut
1220 2464 1485 2528 utilitate
1531 2488 1656 2531 non

75 2551 505 2615 contemnenda
552 2577 576 2638 3
624 2552 955 2636 hujusmodi
1004 2553 1342 2638 pignoribus
1385 2557 1654 2621 animum

77 2637 258 2718 pascit
284 2689 300 2715 ,
351 2660 532 2725 eaque
556 2643 615 2704 in
647 2645 830 2723 majus
854 2644 1099 2704 ostentat
1124 2638 1181 2705 δε
1217 2640 1522 2730 celebrat3
1570 2668 1653 2706 re-

76 2726 237 2810 liqua
279 2729 373 2811 spe
417 2731 693 2794 sustentat
741 2780 756 2796 .
812 2736 1023 2814 Neque
1073 2754 1270 2795 tamen
1318 2734 1652 2820 negandum

65 2815 194 2891 rest,
243 2819 645 2898 Alchymistas
689 2844 806 2883 non
843 2844 1033 2905 pauca
1079 2821 1408 2901 invenisse,
1454 2824 1513 2884 ὅ(
1553 2825 1653 2884 In-

74 2903 271 2967 ventis
297 2907 541 2972 utilibus
583 2909 856 2976 homines
879 2910 1109 2978 donasse
1141 2964 1159 2981 .
1207 2917 1433 2978 Verum
1450 2909 1655 3062 flalbula

1449 3021 1469 3067 2
1522 3021 1554 3064 a
