2098 3490
479 106 602 167 286
887 95 1507 158 VERULAMJJ

394 220 524 276 dum
573 214 844 275 Virtutis.
897 216 989 270 Ac
1034 208 1228 293 prirno
1274 208 1398 269 sunt
1447 204 1704 288 quaedam
1752 204 1949 267 Vin-tua

390 325 473 363 tes
520 326 639 386 quae
667 324 777 360 non
830 297 1123 360 subsistunt
1173 291 1274 356 nisl
1324 295 1382 355 in
1407 301 1627 372 Quanto
1670 295 1948 370 Costnico,

389 391 502 451 hoe
550 390 625 449 est
672 437 688 464 ,
752 387 854 448 tali
896 393 1119 465 ‚Quanto
1167 383 1318 464 quod
1365 384 1564 443 habeat
1613 379 1949 441 consensum

389 499 522 539 cum
548 473 1029 557 Configuratione
1077 474 1133 532 δε
1162 471 1401 532 Fabrica
1451 466 1758 529 Univerfi.
1810 470 1951 526 Ter-

386 588 449 625 ra
496 565 652 624 enim
702 565 806 622 stat
857 584 879 644 3
930 579 1117 643 partes
1168 559 1286 637 ejus
1334 557 1541 618 cadunt
1592 605 1605 619 .
1661 561 1842 636 Aquae
1890 554 1953 614 in

387 652 653 712 Maribus
702 648 889 709 fluunt
934 652 992 708 δε
1039 644 1285 707 refluunt
1328 661 1350 728 3
1399 644 1455 704 iu
1506 643 1732 705 Fluviis
1781 641 1954 701 mini-

389 761 519 811 me,
569 735 672 798 nisi
721 759 818 820 per
855 733 1162 819 ingressum
1215 731 1447 793 Maris,
1501 730 1724 818 Deinde
1773 727 1954 789 etiarn

385 849 585 887 omnes
634 824 751 885 fere
779 821 1043 884 Virtutes
1068 819 1439 904 particulares
1464 819 1766 880 secundum
1798 819 1957 876 Mul-

386 932 505 974 tum
573 934 668 973 aut
710 918 924 971 Parum
972 908 1259 991 Corporis
1326 928 1635 989 operantur
1681 955 1696 969 .
1769 909 1954 986 Aquae

383 1001 552 1082 largae
602 1024 713 1058 non
740 997 911 1057 facile
960 1013 1456 1075 corrumpuntur3
1505 994 1726 1076 exiguae
1775 1013 1897 1051 cito
1935 1038 1948 1052 .

384 1085 642 1146 Mustum
693 1080 1034 1141 &Cervifia
1082 1077 1470 1136 maturescunt
1496 1077 1668 1157 longe
1715 1078 1889 1138 citius
1938 1127 1954 1152 ,

387 1176 444 1231 δε
496 1170 639 1230 fiunt
683 1164 963 1251 potabilia
1011 1164 1068 1224 in
1116 1162 1341 1223 utribus
1389 1160 1627 1245 parvi8‚
1674 1177 1847 1244 quarn
1898 1162 1959 1222 in

387 1258 559 1320 doliis
608 1254 831 1338 magnis
875 1304 891 1319 .
960 1251 1019 1314 Si
1067 1252 1269 1311 Herba
1318 1269 1564 1332 ponatur
1609 1250 1668 1309 in
1740 1249 1958 1327 majore

383 1345 649 1429 portione
696 1341 975 1425 Liquoris
1025 1387 1043 1413 ‚
1092 1337 1157 1398 fit
1206 1335 1420 1398 Infufio
1464 1378 1481 1412 ,
1554 1334 1735 1421 magis
1782 1353 1959 1420 quam

387 1431 746 1494 Imbibitio:
796 1427 946 1489 siin
994 1425 1237 1485 Minore
1264 1471 1280 1497 ‚
1331 1421 1396 1483 fit
1425 1423 1738 1486 imbibitio
1766 1472 1782 1499 ,
1835 1447 1957 1486 rna.

387 1522 476 1605 gis
500 1540 673 1602 quam
703 1514 918 1576 lnfufio
943 1560 958 1575 .
1010 1511 1193 1572 Aliud
1218 1510 1397 1593 igitur
1419 1532 1550 1593 erga
1577 1509 1805 1592 Corpus
1830 1515 1956 1574 Hu-

389 1628 624 1669 manum
674 1604 749 1663 est
797 1601 1078 1662 Balneum
1127 1645 1143 1671 ,
1214 1598 1364 1658 aliud
1414 1598 1559 1658 levis
1609 1599 1888 1660 Irroratio
1936 1647 1952 1660 .

387 1693 586 1756 Etiam
642 1689 799 1772 parvi
829 1692 1014 1748 Rores
1066 1685 1123 1745 in
1154 1689 1312 1746 Aere
1361 1706 1651 1768 nunquam
1702 1688 1954 1759 cadunt,

387 1783 476 1842 sed
525 1779 909 1860 dissipantur,
961 1772 1016 1835 8<
1066 1794 1196 1832 cum
1240 1779 1396 1833 Aere
1445 1772 1890 1854 incorporantur
1936 1823 1954 1837 .

387 1874 465 1929 Et
515 1866 717 1927 videre
743 1865 821 1924 est
871 1864 928 1923 in
974 1860 1237 1922 anhelitu
1280 1859 1442 1940 super
1484 1861 1810 1933 Gemma5‚
1860 1883 1955 1941 pa.

390 1978 512 2015 rum
544 1953 684 2014 illud
734 1949 1029 2023 humori3‚
1079 1947 1228 2027 quasi
1255 1945 1594 2008 nubeculam
1649 1967 1825 2006 vento
1850 1945 1954 2006 dis-

392 2043 665 2125 sipatam,
716 2040 991 2101 continuo
1040 2035 1226 2100 solvi.
1277 2034 1477 2096 Etiam
1506 2032 1765 2094 Frustum
1814 2034 1958 2113 ejus·

391 2129 517 2190 crem
546 2127 844 2212 Magnetis
893 2122 1212 2187 nontrahit
1259 2141 1484 2184 tantum
1527 2122 1733 2196 Ferri,
1782 2145 1955 2203 quan-

393 2240 512 2278 tum
562 2220 807 2300 Magnes
855 2215 1117 2296 integer.
1167 2213 1310 2271 Sunt
1359 2209 1535 2269 etiarn
1582 2209 1847 2269 Virtutes
1894 2207 1955 2268 in

393 2305 606 2387 quibus
656 2302 919 2365 Parvitas
961 2300 1182 2381 Quanti
1229 2297 1410 2381 magis
1457 2296 1641 2376 potest
1688 2319 1710 2380 3
1778 2317 1839 2354 ut
1890 2295 1949 2354 in

399 2391 920 2474 penetrationibus,
969 2387 1143 2467 stylus
1191 2406 1387 2455 acutus
1434 2383 1606 2444 citius
1651 2386 1956 2462 penetrasti,

398 2476 571 2561 quarn
617 2480 847 2539 obtusus
893 2503 914 2563 3
961 2480 1189 2549 adamas
1234 2473 1575 2557 punffiuatus
1642 2469 1848 2552 sculpit
1895 2469 1958 2529 in

57 2622 149 2642 a„
304 2646 308 2651 .
399 2566 556 2628 vitro
588 2613 604 2641 ,
649 2568 705 2626 &
757 2566 1002 2627 fi‘rnilia.
1762 2638 1765 2639 ⁷

195 2700 205 2729 ‹
266 2634 299 2709 (a
481 2657 703 2715 Verum
729 2676 842 2714 non
888 2654 982 2715 hic
1011 2650 1350 2711 morandum
1398 2644 1555 2706 estin
1584 2641 1953 2716 Indefinitis,

321 2744 380 2813 k,
399 2740 490 2800 sed
537 2741 714 2802 etiam
760 2742 827 2801 de
870 2739 1203 2800 Rationibus
1243 2738 1460 2816 ,Quanti
1500 2729 1779 2812 Corporis
1824 2746 1958 2814 erga

403 2828 651 2888 Modum
697 2828 947 2889 Virtutis
993 2826 1431 2909 inquirendum.
1487 2819 1755 2887 proclive
1797 2818 1956 2878 enim

1775 2905 1855 2964 fo-
