2131 3573
368 100 736 164 NOVUM
771 99 1348 160 oRGANUM.
1482 117 1564 182 91

90 220 252 304 spem
299 214 363 279 in
385 214 491 278 hac
534 233 597 273 re
620 209 845 272 faciunt
884 209 1246 292 probabilem
1274 257 1291 286 ‚
1340 210 1662 292 aperiendae

95 310 224 371 sunt
253 308 311 368 &
338 299 724 390 proponendae
775 323 789 360 :
841 297 982 360 sicut
1008 297 1337 362 Columbus
1361 297 1500 361 fecit
1528 348 1542 376 ,
1567 323 1664 362 an.

99 419 157 458 te
203 390 641 478 navigationem
693 385 864 448 illam
908 386 1066 450 suam
1117 384 1458 449 mirabilem
1485 387 1665 449 maris

99 479 447 566 Atlantici3
497 500 630 540 cum
685 474 940 538 rationes
983 473 1290 539 adduxerit
1334 521 1353 551 ‚
1400 496 1504 536 cur
1543 475 1665 559 ipse

97 594 281 636 novas
301 571 520 631 Terras
565 562 1044 628 &Continentes
1072 614 1087 640 ,
1138 584 1348 648 praeter
1395 585 1491 624 eas
1535 585 1666 646 quae

96 684 228 724 ante
253 654 500 741 cog-uitae
525 651 756 717 fuerunt
781 700 798 728 ‚
837 651 1090 715 inveniri
1121 650 1272 737 posse
1299 648 1659 713 confideret:

98 753 245 828 Quae
287 743 549 807 rationes
592 743 732 804 licet
778 738 980 825 primo
1024 741 1297 822 rejefihe,
1349 739 1538 823 postea
1585 760 1667 800 ta-

98 858 231 899 men
257 832 672 918 experimento
717 829 973 915 probatae
1021 829 1149 891 sunt
1179 878 1195 906 ‚
1242 831 1300 892 δ(
1324 850 1518 892 rerum
1549 850 1667 891 ma-

96 924 392 988 ximarum
421 921 599 984 causae
628 923 684 980 δί
714 917 888 981 initia
910 916 1146 981 fuerunt
1171 965 1187 982 .

183 1015 427 1078 XGIII.
455 1007 827 1092 Principium
852 1027 1047 1069 autem
1074 1005 1416 1070 sumendum
1441 1026 1473 1067 a
1498 1008 1627 1067 Deo
1650 1027 1665 1065 ε

94 1105 233 1166 Hoc
276 1098 564 1164 nimirum
612 1097 770 1181 quod
815 1096 1048 1182 agitur,
1098 1116 1339 1179 propter
1382 1093 1672 1156 excellen-

95 1212 220 1252 tem
265 1188 329 1250 in
377 1186 504 1284 ipso
550 1184 703 1246 Boni
753 1204 1022 1245 naturam
1051 1229 1069 1257 ,
1117 1182 1419 1246 manifeste
1463 1205 1495 1243 a
1541 1184 1673 1243 Deo

99 1277 213 1340 effe
238 1299 260 1361 3
306 1295 408 1357 qui
438 1270 679 1334 Author
702 1269 855 1333 Boni
884 1316 902 1345 ‚
951 1270 1009 1330 δε
1037 1271 1211 1332 Pater
1232 1269 1527 1331 luminum
1552 1267 1633 1329 est
1653 1315 1671 1336 .

103 1370 173 1428 In
199 1359 646 1446 operationibus
691 1379 887 1419 autem
910 1355 1134 1417 divinis
1156 1406 1179 1436 ‚
1226 1356 1404 1418 initia
1429 1378 1672 1439 quaeque

105 1449 433 1516 tenuiffima
484 1445 714 1506 exitum
762 1463 930 1502 certo
957 1440 1237 1503 trahunt.
1285 1445 1489 1526 Atque
1514 1445 1673 1524 quod

100 1542 172 1604 de
213 1532 621 1622 Spiritualibus
666 1528 896 1592 dissum
943 1529 1064 1603 est,
1114 1536 1371 1611 Regnum
1420 1531 1527 1591 Dei
1570 1556 1674 1590 non

103 1627 266 1691 venit
293 1648 412 1693 cum
436 1621 813 1703 observatione
835 1645 872 1697 ,·
917 1616 978 1680 id
1005 1616 1185 1680 etiam
1211 1617 1272 1679 in
1294 1617 1463 1679 omni
1496 1620 1673 1699 majo.

98 1740 162 1780 re
188 1719 382 1799 Opere
413 1708 810 1774 Providentiae
837 1704 1051 1768 divinae
1076 1705 1312 1768 evenire
1337 1706 1628 1789 reperitur
1654 1730 1669 1768 :

104 1825 167 1866 ut
191 1801 394 1865 omnia
442 1797 556 1861 fine
582 1794 824 1880 strepitu
863 1798 920 1856 δε
968 1795 1159 1858 sonitu
1203 1793 1431 1877 placide
1475 1794 1674 1857 laban-

102 1915 245 1976 tur;
295 1911 468 1972 atque
496 1909 584 1948 res
633 1883 802 1969 plane
825 1902 1058 1967 agatur,
1107 1883 1439 1969 priusquam
1486 1882 1677 1945 homi-

108 2003 208 2042 nes
233 2000 360 2039 eam
390 1975 482 2059 agi
509 1991 715 2059 putent
740 1993 836 2035 aut
860 1971 1163 2035 advertant
1191 2022 1208 2038 .
1260 1975 1472 2056 Neque
1494 1970 1673 2033 omit-

113 2066 287 2131 tenda
329 2064 407 2127 est
443 2061 763 2148 Prophetia
806 2061 1066 2123 Danielis
1108 2061 1179 2123 de
1204 2058 1434 2122 ultimis
1455 2058 1675 2122 Mundi

113 2154 483 2241 temporibus
509 2176 531 2237 3
578 2151 766 2213 Multi
784 2149 1198 2234 pertransibunt
1221 2197 1238 2224 ,
1286 2148 1361 2206 C‘J’
1383 2148 1675 2230 multiplex

114 2245 223 2306 erit
258 2243 493 2326 scientia
545 2264 561 2304 τ
611 2237 928 2303 Manifeste
952 2238 1197 2300 innuens
1221 2237 1277 2297 8<
1307 2232 1634 2320 significans
1659 2284 1675 2311 ‚

113 2330 224 2395 effe
269 2331 330 2393 in
361 2329 566 2406 FatiS,
613 2328 672 2392 id
720 2328 840 2405 est,
885 2327 948 2389 in
977 2322 1397 2401 Providentia,
1447 2343 1507 2386 ut
1554 2346 1679 2406 per-

115 2419 390 2482 transitus
419 2416 637 2483 Mundi
688 2415 833 2502 (qui
881 2437 980 2502 per
1003 2435 1093 2477 tot
1139 2413 1493 2499 longinquas
1516 2412 1681 2474 navi-

121 2507 386 2592 gationes
435 2506 714 2592 impletus
761 2505 931 2591 plane
957 2555 974 2585 ,
1022 2524 1119 2566 aut
1144 2504 1258 2586 jam
1288 2502 1346 2563 in
1370 2523 1544 2585 opere
1570 2499 1680 2560 effe

121 2596 398 2679 videtur)
451 2597 507 2657 8<
558 2615 876 2680 augmenta
900 2590 1290 2655 scientiarum
1336 2589 1398 2654 in
1434 2588 1678 2652 eandem

123 2703 347 2746 aetatem
399 2683 666 2746 incidant
691 2731 705 2745 .

215 2775 442 2838 XCIV.
492 2771 768 2857 Sequitur
812 2768 966 2834 ratio
1007 2768 1277 2832 omnium
1303 2764 1562 2830 maxima
1609 2762 1681 2825 ad

126 2858 457 2923 faciendam
487 2859 639 2944 spem
669 2883 691 2947 3
739 2883 949 2946 nempe
991 2881 1063 2922 ex
1087 2857 1379 2925 erroribus
1402 2851 1684 2935 temporis

1456 2966 1591 3025 pl‘ae·
