2131 3573
351 119 719 182 NOVUM
772 121 1357 184 ORGANUM.
1475 143 1595 205 311

12 270 15 282 v
80 253 290 322 petunt
313 233 616 319 amplexus
641 279 657 295 .
708 231 946 294 Etenim
992 232 1268 294 videntur
1294 237 1562 319 Corpora
1595 257 1693 300 aut

14 352 15 357 ¹
78 346 324 386 movere
356 322 471 385 fine
498 319 790 381 Termino
839 344 853 356 ·

834 377 854 404 ‚
904 345 999 383 aut
1025 322 1194 406 plane
1219 322 1570 411 quiel'ffcexe
1596 348 1693 387 aut

14 449 25 475 ς
78 411 222 476 ferri
248 414 316 475 ad
335 408 712 486 Terminum,
721 407 817 470 ubi
840 433 946 494 pro
969 414 1196 472 Natura
1222 411 1316 472 sua
1338 433 1433 476 aut
1453 436 1694 491 rotent,

77 500 509 586 autquiescant.
541 500 746 581 Atque
790 521 915 582 quae
945 500 1090 562 bene
1115 499 1404 562 collocata
1431 502 1603 579 sunt,
1657 464 1695 565 ii

76 593 258 653 Motu
280 587 563 674 gaudeant
594 635 609 662 ‚
663 609 907 650 movent
932 588 1055 673 {per
1079 588 1392 653 Circulum
1441 614 1455 652 :
1509 593 1691 652 Motu

77 678 300 742 scilicet
344 695 605 758 aeterno,
655 675 1022 741 &infinito.
1072 681 1221 758 Quae
1247 680 1393 740 bene
1438 678 1691 741 colloca-

70 788 135 829 ta
162 766 326 840 sunt,
376 767 432 825 8(
463 786 690 827 motum
718 764 1038 827 exhorrent
1058 768 1332 851 ‚prorius
1358 767 1687 852 quiescunt.

68 857 224 937 Quae
270 875 388 916 non
415 855 563 917 bene
611 853 906 916 collocata
933 854 1105 931 sunt,
1157 877 1403 918 movent
1446 880 1501 918 in
1532 857 1688 918 linea

70 944 227 1006 reffla
275 944 299 1026 (
348 964 630 1026 tanquam
679 942 919 1005 tramite
969 943 1314 1007 breviffimo
1360 944 1383 1024 )
1434 945 1502 1006 ad
1550 968 1689 1005 con-

7 1057 20 1097 ε
69 1030 246 1093 sortia
294 1032 535 1093 suorum
583 1031 1080 1094 Connaturaliurn
1129 1080 1143 1093 .
1199 1032 1437 1116 Recipit
1485 1056 1683 1096 autem

8 1123 25 1194 l.

6 1202 21 1280 ἱ

4 1400 18 1483 ξ

68 1123 278 1182 Motus
324 1120 426 1181 iste
451 1120 778 1182 Rotationis
806 1117 1192 1180 Differentias
1238 1144 1457 1182 novem
1490 1171 1508 1188 .
1562 1123 1688 1183 Pri-

68 1230 231 1269 mam
278 1257 299 1290 ‚
370 1206 584 1269 Centri
629 1207 711 1270 sui
767 1257 784 1283 ,
832 1205 988 1269 circa
1034 1209 1193 1292 quod
1239 1213 1507 1293 Corpora
1560 1229 1681 1272 mo-

67 1316 253 1359 vent:
281 1297 654 1371 Secundam,
705 1297 985 1357 Polorum
1012 1296 1290 1373 suorum,
1339 1300 1508 1380 supra
1534 1323 1680 1383 quos

66 1406 364 1448 movent:
415 1345 741 1456 Tertiam,
789 1382 1308 1446 Circumferentiae
1363 1386 1478 1448 slve
1525 1394 1683 1450 Am-

62 1473 218 1535 bitus
264 1473 343 1535 sui
373 1519 389 1547 ,
438 1492 611 1555 prout
658 1469 872 1532 distant
920 1493 951 1530 a
993 1472 1221 1531 Centro
1267 1494 1282 1534 :
1334 1475 1677 1552 Quartam,

64 1559 443 1623 Incitationis
468 1558 620 1634 suae,
667 1581 837 1644 prout
865 1557 1115 1621 celerius
1163 1581 1261 1621 aut
1312 1561 1536 1625 tardius
1585 1587 1677 1625 ro-

18 1659 184 1738 3tant
232 1675 247 1711 ε
299 1647 596 1729 Quintam
642 1700 665 1733 ‚
727 1647 1240 1731 Consequutionis
1287 1651 1497 1713 Motus
1547 1652 1675 1729 sui,

23 1737 240 1813 ,veluti
289 1742 368 1799 ab
412 1737 664 1799 Oriente
714 1737 775 1800 in
803 1737 1243 1815 Occidentem,
1293 1761 1397 1800 aut
1446 1741 1518 1802 ab
1557 1746 1676 1803 Oc-

54 1827 288 1890 cidente
337 1828 399 1888 in
444 1826 758 1888 Orientem
807 1850 821 1889 ε
876 1829 1120 1889 Sextam
1162 1876 1178 1903 ‚
1230 1827 1673 1892 Declinationis

54 1915 365 1979 aCirculo
411 1914 678 2001 perfecto
726 1938 829 1999 per
871 1915 1065 1999 Spiras
1114 1915 1347 2002 longius
1394 1939 1492 1981 aut
1541 1943 1671 2004 pro-

25 2005 186 2089 ·pius
229 2005 507 2067 distantes
555 2009 838 2068 aCentro
885 2005 987 2068 suo
1036 2028 1051 2068 :
1104 2008 1434 2088 Septimam
1489 2057 1505 2085 ‚
1558 2013 1671 2071 De-

56 2093 402 2157 clinationis
448 2093 824 2179 acirculope
799 2092 1023 2158 orfefflo
1065 2117 1166 2178 per
1192 2096 1388 2179 Spiras
1436 2096 1670 2181 longius

49 2199 152 2246 aut
201 2182 437 2269 propius
479 2183 755 2246 distantes
801 2206 833 2245 a
881 2183 1045 2245 Polis
1090 2183 1272 2247 suis:
1325 2185 1622 2248 Ofilavam
1650 2235 1666 2263 ‚

28 2271 364 2348 ,Distantiae
412 2273 704 2357 propioris
730 2293 826 2335 aut
874 2271 1165 2358 longioris
1190 2272 1492 2357 spirarum
1542 2273 1665 2336 sua

27 2384 188 2424 sum
238 2361 600 2424 adinvicem
656 2387 669 2425 :
726 2361 1408 2439 Nonam&ultimam,
1459 2367 1541 2426 νε
1556 2365 1671 2425 ria-

54 2449 236 2512 tionis
261 2450 518 2533 ipsorum
548 2451 875 2527 Pelorum,
903 2450 942 2511 s1
970 2450 1078 2512 sint
1105 2452 1393 2514 mobiles:
1421 2475 1552 2536 quae
1578 2453 1665 2535 ip.

29 2538 110 2600 'sa
158 2542 229 2602 ad
255 2541 637 2603 Rotationem
689 2565 806 2601 non
834 2540 1128 2625 pertinet,
1179 2539 1282 2603 nifi
1320 2539 1425 2603 fiat
1474 2541 1659 2604 circu-

53 2626 298 2691 lariter.
316 2634 554 2729 Atque
602 2631 702 2693 iste
731 2633 938 2693 Motus
989 2628 1381 2695 communi&
1430 2630 1661 2691 invete-

30 2723 187 2778 lrata
233 2718 516 2802 opinione
542 2719 735 2782 habet
728 2743 793 2782 ur
842 2743 948 2803 pro
998 2718 1239 2804 proprio
1263 2716 1655 2783 Coelestium.

30 2807 347 2878 fAttamen
393 2831 586 2894 gravis
608 2812 678 2872 de
727 2809 833 2871 illo
860 2812 1035 2871 Motu
1059 2809 1167 2872 Lis
1215 2810 1293 2872 est
1336 2807 1659 2869 inter-non.

31 2893 249 2958 'nullos
294 2916 417 2960 tam
465 2921 539 2962 ex
584 2898 874 2985 Antiquis
923 2921 1100 2983 quam
1153 2898 1335 2964 Mode
1346 2897 1505 2965 rnis
1555 2896 1656 2980 qui

909 2993 963 3049 V
1056 3013 1100 3070 4
1463 2992 1572 3048 Ro-

1814 2695 1944 2853 ’θ
