2131 3573
1611 105 1671 161 V

162 219 1090 326 FRANCI
1187 218 1249 315 S
1347 217 1767 321 CUS

379 402 549 472 DE
647 401 1538 473 VERULAMIO

718 587 807 661 fic
854 587 1136 671 cogitavit
1159 614 1196 665 ,-

133 762 141 768 ·
202 731 571 817 ὙΑιΕΜωμΕ
607 761 779 808 APUD
814 763 883 807 ΞΕ
933 761 1292 807 RATIONEM
1339 757 1706 804 INSTITUIT

245 875 426 938 quam
455 850 823 915 viventibus
873 853 931 912 δ(
961 850 1212 914 Posteris
1260 872 1469 913 notam
1501 845 1629 910 fieri
1661 898 1684 931 ‚

508 966 775 1053 ipsorum
809 966 1078 1031 interesse
1127 965 1365 1054 putavit
1392 1015 1406 1030 .

158 1150 463 1342 CUm
509 1147 607 1209 illi
644 1168 747 1233 pro
768 1169 1033 1234 comperto
1080 1148 1251 1232 efflet,
1297 1144 1645 1209 IntelleHum
1671 1143 1773 1205 bu-

406 1286 632 1322 manum
665 1265 784 1335 fibi
829 1266 938 1345 ipsi
982 1266 1261 1345 negotium
1317 1263 1572 1345 faceffere
1619 1310 1636 1338 ‚
1684 1286 1775 1323 ne·

153 1399 256 1460 que
319 1376 560 1437 auxiliis
623 1376 780 1434 veris
850 1377 874 1457 (
917 1401 1034 1455 quae
1078 1376 1140 1435 in
1185 1375 1447 1436 Hominis
1506 1378 1776 1460 potestate

145 1495 327 1574 sunt,
371 1490 462 1553 uti
471 1489 1046 1569 sobrie&commode
1070 1515 1107 1566 ;
1152 1489 1299 1549 unde
1345 1490 1644 1574 multiplex
1669 1500 1779 1553 Re·

153 1630 274 1671 rum
324 1605 651 1690 Ignoratio,
710 1604 787 1665 (9¹
833 1629 898 1665 ex
942 1604 1296 1687 Ignoratione
1341 1612 1555 1669 Rerum
1601 1609 1776 1668 detri-

153 1743 339 1786 menta
384 1724 724 1784 innumera:
768 1721 920 1784 omni
944 1742 1038 1805 ope
1061 1723 1449 1784 connitendum
1498 1723 1775 1799 existima,

153 1842 249 1904 vit
297 1889 315 1918 ‚
351 1841 408 1916 fi
453 1863 558 1923 quo
604 1840 758 1900 modo
805 1838 1182 1901 commercium
1232 1838 1383 1914 istud
1431 1839 1664 1901 Mentis
1713 1841 1773 1901 δε

155 1960 383 2020 Rerum
435 1956 569 2038 (cui
615 1956 721 2018 vix
767 1955 995 2036 aliquid
1042 1956 1100 2014 in
1150 1957 1315 2017 terris
1362 2006 1380 2035 ‚
1426 1975 1528 2020 aut
1570 1958 1773 2038 saltem

152 2073 213 2133 in
259 2071 534 2148 terrenis,
572 2074 633 2153 se
678 2070 915 2146 ostendit
950 2071 1183 2154 simile)
1234 2072 1454 2148 restitui
1495 2073 1664 2156 poffit
1711 2073 1772 2131 in

153 2189 478 2273 integrum,
521 2206 626 2249 aut
662 2190 865 2270 saltem
913 2187 973 2246 in
1021 2186 1222 2248 melius
1266 2184 1505 2247 deduci.
1559 2194 1633 2246 Ut
1679 2211 1772 2248 ve.

155 2327 216 2366 ro
260 2325 463 2365 errores
509 2302 608 2387 qui
652 2303 1023 2371 invaluerunt
1073 2353 1090 2381 ‚
1157 2300 1358 2385 quique
1408 2301 1468 2360 in
1515 2322 1775 2364 aeternum

159 2419 475 2482 invalituri
511 2424 648 2503 sunt
693 2469 712 2500 ‚
780 2421 892 2483 alii
933 2419 1055 2505 post
1099 2419 1240 2481 alios
1309 2419 1333 2502 (
1370 2419 1426 2495 si
1474 2442 1623 2479 mens
1659 2419 1777 2494 fibi

150 2535 571 2622 permittatur)
619 2537 732 2624 ipfi
771 2542 827 2622 se
874 2538 1205 2623 corrigerent
1250 2584 1268 2615 ‚
1314 2537 1414 2597 vel
1458 2561 1524 2598 ex
1567 2535 1638 2598 vi
1681 2538 1776 2596 In-

152 2652 410 2716 telleHus
447 2654 724 2739 propria,
773 2657 882 2718 vel
925 2681 991 2717 ex
1034 2651 1272 2716 auxiliis
1316 2671 1484 2735 atque
1528 2651 1779 2714 admini-

158 2768 301 2831 culis
323 2769 692 2850 ὒίαΙεὲἶίσιε,
739 2775 905 2835 nulla
923 2774 1150 2856 prorsus
1185 2771 1420 2853 suberat
1435 2772 1605 2854 spes,
1647 2789 1777 2852 pro.

152 2900 349 2970 pterea
392 2887 539 2976 quod
582 2886 853 2953 Nationes
897 2895 1113 2953 Rerum
1154 2888 1394 2975 primae,
1441 2909 1581 2971 quas
1589 2889 1776 3050 ἒᾶεηι·

1485 2978 1594 3038 hau
1648 2998 1683 3035 u
