2098 3490
544 146 629 213 62
915 140 1037 206 VE
1059 148 1117 205 R
1144 139 1193 203 U
1211 140 1259 202 Ζ.
1281 136 1547 204 ΛΜΙῘ

458 256 752 343 Sapientia
798 279 1043 340 eorum,
1090 258 1147 316 ὃ(
1194 278 1431 336 operum
1480 253 1684 318 sterilis
1731 301 1747 318 .
1798 260 2004 341 Itaque

450 369 527 408 ex
559 351 709 408 Ortu
753 347 807 407 ἃ
835 350 1021 407 Gente
1050 342 1430 427 Philosophiae
1451 393 1467 417 ,
1513 368 1633 428 quae
1674 343 1731 405 in
1758 345 1860 406 usu
1883 346 1957 406 est
1986 393 2001 421 ,
2077 364 2098 417 Q.

452 454 577 518 quae
603 434 909 516 capiuntur
936 432 1085 515 figna
1112 480 1128 508 ‚
1176 434 1325 493 bona
1351 452 1462 493 non
1492 432 1613 492 sunt
1641 482 1656 498 .
2077 424 2098 444 ‘⁹

536 525 800 586 LXXII.
858 525 1065 596 Neque
1114 519 1297 580 multo
1350 519 1590 580 meliora
1630 519 1760 580 sunt
1789 519 2003 602 Signa,

452 632 576 691 quae
601 632 671 670 ex
699 630 897 669 natura
920 608 1235 690 Temporis
1258 610 1315 668 δ(
1344 606 1556 670 AEtatis
1582 608 1707 688 capi
1734 607 1956 691 poffunt
1984 645 2007 681 ,-

452 719 626 776 quam
677 720 798 778 quae
823 719 892 757 ex
915 717 1122 757 natura
1146 694 1299 758 Loci
1348 698 1406 755 8<
1435 695 1715 757 Nationis
1739 739 1754 754 .
1801 698 2003 777 Angu-

449 785 526 844 sta
553 782 706 843 enim
740 805 857 844 erat
885 787 940 845 &
966 782 1156 845 tenuis
1180 782 1391 844 notitia
1420 805 1521 865 per
1542 782 1700 844 illam
1728 805 1954 844 aetatem
1982 829 1996 855 ‚

453 872 545 930 vel
598 872 964 953 Tempori3‚
1013 871 1105 931 vel
1133 869 1309 931 Orbis
1361 894 1374 931 :
1425 872 1574 952 quod
1624 871 1795 955 longe
1844 868 2002 954 pessi-

452 979 614 1018 mum
641 957 717 1019 est
741 1005 757 1032 ,
807 957 1117 1042 praesertim
1163 957 1233 1018 iis
1258 955 1354 1040 qui
1377 956 1579 1018 omnia
1606 957 1662 1018 in
1691 959 2005 1039 Experien-

451 1045 534 1105 tia
562 1040 783 1126 ponunt
810 1092 822 1105 .
875 1050 1084 1128 Neque
1128 1044 1285 1106 enim
1315 1045 1477 1105 mille
1503 1068 1783 1106 annorum
1814 1045 2005 1107 Histo-

447 1130 595 1191 riam
627 1179 644 1206 ‚
691 1156 817 1215 quae
843 1132 1017 1213 digna
1059 1151 1180 1192 erat
1204 1131 1447 1192 nornine
1469 1132 1742 1199 Historiae
1769 1181 1789 1208 ‚
1834 1131 2004 1194 habea

451 1220 588 1278 bant
635 1241 656 1300 3
725 1219 816 1279 sed
865 1217 1086 1276 fabulas
1131 1219 1189 1275 δε
1234 1238 1495 1276 rumores
1542 1218 1942 1299 Antiquitatis
1989 1263 2004 1280 .

445 1306 778 1388 Regionum
826 1326 966 1364 vero
1019 1303 1430 1386 trae’tuumque
1476 1301 1674 1365 mundi
1725 1303 2004 1386 exiguam

446 1414 668 1473 partem
716 1411 1003 1450 noverant
1039 1413 1063 1472 3
1110 1412 1245 1449 cum
1289 1412 1490 1450 omnes
1532 1392 1995 1473 Hyperbore03‚

442 1478 683 1555 Scythas
715 1499 738 1557 3
787 1498 990 1535 omnes
1012 1475 1425 1536 Occidentales
1452 1524 1469 1551 ‚
1516 1479 1715 1537 Celtas
1743 1477 2006 1547 indistine·

440 1565 532 1626 &e
579 1562 935 1644 appellarent
988 1586 1000 1623 :
1052 1560 1137 1622 nil
1184 1562 1244 1622 in
1272 1561 1481 1623 Africa
1524 1562 1673 1624 ultra
1724 1564 1997 1627 citimam

442 1649 762 1731 AEthiopiae
811 1669 1033 1731 partem
1063 1696 1078 1722 ,
1128 1647 1214 1708 nil
1259 1648 1320 1710 in
1343 1648 1480 1711 Afia
1509 1650 1656 1712 ultra
1681 1654 1949 1736 Gangem
1977 1677 2001 1738 3

444 1738 631 1799 multo
680 1736 872 1798 minus
921 1734 1085 1798 Novi
1131 1736 1312 1798 Orbis
1359 1737 1687 1819 provincias
1724 1788 1742 1816 ‚
1791 1763 1861 1800 ne
1908 1755 2008 1823 per
2078 1781 2083 1785 -

443 1825 703 1887 auditum
747 1824 875 1885 sane
921 1846 1018 1883 aut
1062 1821 1278 1885 famam
1329 1825 1585 1907 aliquam
1632 1847 1848 1889 certam
1876 1876 1894 1902 ,
1940 1830 2000 1889 δε
2037 1821 2041 1826 ’

443 1913 798 1973 constantem
827 1960 844 1989 ‚
891 1910 1115 1972 noffent
1166 1936 1180 1973 :
1231 1909 1434 1973 imo&
1465 1912 1713 1995 plurima
1760 1914 2005 1975 climata

443 2003 496 2060 ὅ(
525 2023 686 2061 zonae
713 2047 729 2074 ‚
776 1999 837 2060 in
864 1999 1075 2081 quibus
1101 1999 1297 2081 populi
1336 1998 1557 2062 infiniti
1589 2000 1802 2083 spirant
1828 2005 1883 2062 ὅ(
1908 2003 2002 2063 ἀσε-

442 2108 582 2170 gunt
609 2134 625 2160 ,
673 2107 946 2170 tanquam
991 2085 1404 2164 inhabitabiles
1428 2089 1498 2148 ab
1527 2087 1643 2148 illis
1669 2090 2002 2169 pronuntia*

443 2195 499 2233 ta
541 2173 648 2234 fint
687 2183 710 2236 ἐ
758 2174 1085 2258 quinetiam
1124 2173 1614 2258 peregrinationes
1657 2178 1998 2253 Democriti,

441 2262 693 2321 Platonis
717 2310 733 2337 ,
780 2264 1107 2344 Pythagorae
1131 2308 1148 2338 ‚
1196 2282 1311 2324 non
1337 2261 1668 2345 longinquae
1695 2266 1956 2346 profefilo
1983 2302 1999 2338 5

443 2347 531 2409 sed
565 2350 750 2428 potius
774 2350 1105 2412 suburbana:
1136 2401 1152 2430 ‚
1195 2371 1259 2413 ut
1287 2372 1557 2434 magnum
1583 2349 1805 2432 aliquid
1861 2352 2002 2411 cele-

446 2436 746 2496 brarentur
770 2477 808 2502 .-
835 2437 1064 2500 Nostris
1108 2459 1302 2500 autem
1344 2436 1702 2518 temporibus
1728 2486 1743 2511 ,
1791 2442 1844 2498 8<
1877 2442 2004 2500 No-

442 2521 504 2582 vi
530 2522 706 2583 Orbis
731 2546 915 2605 partes
939 2527 1262 2607 complures
1285 2573 1302 2600 ‚
1353 2527 1409 2586 8<
1438 2524 1669 2586 Veteris
1693 2525 1869 2586 Orbis
1897 2549 1998 2587 ex·

445 2630 626 2670 trema
671 2610 920 2693 undique
965 2613 1329 2675 innotescunt
1374 2635 1396 2697 3
1445 2614 1502 2672 3<
1545 2611 1602 2673 in
1652 2612 1997 2693 infinitum,

441 2696 997 2763 Experimentorum
1046 2701 1308 2763 cumulus
1351 2701 1659 2765 exerevit.
1708 2704 1906 2779 Quare
1955 2699 1994 2760 fi

444 2807 517 2845 ex
550 2784 898 2847 Nativitatis
941 2809 1033 2848 aut
1058 2790 1335 2871 geniturae
1380 2809 1638 2869 tempore
1687 2787 1996 2871 (Astrolo-

439 2892 643 2954 gorum
690 2875 894 2955 more)
945 2873 1092 2958 signa
1142 2875 1414 2961 capienda
1461 2874 1610 2953 fint,
1660 2874 1749 2940 nil
1786 2872 1987 2957 magni

1839 2963 1907 3023 de
