2131 3573
354 149 684 210 Naturalem
710 148 782 204 Εἶθ’
807 146 1309 229 Experimentalem
1338 197 1352 215 .
1449 169 1580 235 347

79 263 139 329 id
184 261 594 348 praecipirnus,
644 283 706 322 ut
754 261 870 323 haec
910 260 1020 323 tria
1065 260 1374 346 separatim
1418 264 1671 326 trafflen-

80 373 219 415 tur.
270 351 501 431 Quidni
528 349 685 411 enim
715 349 927 433 poffint
953 350 1232 414 Historiae
1259 350 1671 414 Monstrorum

78 440 141 501 in
193 440 428 528 singulis
452 438 765 523 Speciebus
810 463 939 503 cum
967 439 1233 503 Historia
1260 438 1510 524 ipsarum
1538 443 1672 525 Spe·

79 527 305 592 cierum
333 528 645 612 conjungi
635 528 653 574 ³
704 527 901 592 Etiam
932 527 1300 593 Artificialia
1325 531 1675 614 quandoque

78 641 210 679 cum
238 617 548 702 Speciebus
595 617 750 678 reE’ce
796 621 1275 704 conjunguntur,
1324 621 1676 708 quandoque

79 732 112 767 t
94 709 286 770 ielius
311 705 687 789 separathur
739 708 1152 786 Quamobrem
1181 709 1210 768 ὲ
1237 731 1297 769 re
1323 728 1456 770 nata
1482 708 1552 770 de
1579 707 1675 769 his

79 793 387 856 confilium
436 818 638 880 capere
661 797 960 878 optimum
987 796 1110 862 est.
1161 797 1487 860 Methodus
1512 795 1677 860 enim

77 882 423 946 iterationes
447 889 503 945 δ(
550 884 964 967 prolixitatem
992 883 1185 969 gignit
1213 932 1229 962 ,
1279 907 1440 970 aeque
1467 885 1565 946 ubi
1593 883 1680 947 ni..

74 971 194 1034 mia
217 971 331 1049 est,
380 996 446 1038 ac
473 974 571 1035 ubi
598 972 758 1036 nulla
783 1020 797 1040 .

161 1065 247 1122 11.
300 1059 566 1122 Historia
595 1060 952 1140 Naturalis,
1001 1081 1065 1120 ut
1093 1060 1382 1122 SubieE'to
1432 1063 1678 1143 (quem.

72 1147 388 1211 admodum
428 1144 690 1208 diximus
730 1145 752 1227 )
804 1144 1023 1232 triplex
1067 1197 1090 1230 ,
1160 1146 1245 1208 ita
1293 1147 1416 1210 Usu
1461 1149 1681 1233 duplex

73 1238 190 1301 est.
239 1232 586 1298 Adhibetur
611 1234 773 1296 enim
802 1257 898 1297 aut
926 1257 1170 1321 propter
1194 1260 1387 1301 rerum
1417 1237 1674 1320 ipsarum

72 1321 552 1409 cognitionem,
601 1346 728 1408 quae
774 1324 1055 1390 Historiae
1106 1327 1455 1389 mandantur
1503 1351 1526 1413 3
1576 1348 1680 1389 aut

71 1436 354 1497 tanquam
386 1413 638 1474 Materia
666 1411 856 1496 prima
884 1411 1281 1494 Philosophiae
1311 1463 1327 1490 ‚
1376 1437 1551 1497 atque
1580 1439 1678 1476 ve.

67 1526 144 1565 rae
174 1499 541 1564 Induffiionis
566 1499 841 1584 supellex
889 1498 1005 1561 five
1034 1499 1212 1580 Sylva
1239 1547 1254 1561 .
1306 1507 1513 1587 Atque
1566 1509 1674 1564 Po.

70 1590 271 1653 sterius
317 1590 429 1657 hoc
476 1613 630 1654 nunc
655 1588 905 1673 agitur3
957 1592 1136 1650 Nunc
1165 1637 1181 1666 ‚
1232 1588 1533 1676 inquam3
1584 1615 1681 1653 ne.

68 1704 181 1765 que
208 1703 466 1763 unquam
513 1678 761 1742 antehac
790 1727 803 1739 .
859 1681 1072 1761 Neque
1119 1677 1680 1757 enim-Aitstoteles,

67 1790 166 1829 aut
218 1768 632 1852 Theophrastus
676 1816 693 1842 ,
742 1789 840 1829 auc
888 1767 1242 1848 Dioscorides
1283 1816 1297 1843 ,
1349 1789 1446 1828 aut
1495 1772 1678 1849 Cajus

66 1858 340 1939 Plinius,
390 1857 579 1918 multo
608 1853 802 1918 minus
827 1857 1068 1916 moderni
1097 1903 1112 1931 ,
1163 1856 1316 1918 hunc
1343 1856 1524 1919 finem
1578 1861 1674 1938 (de

55 1941 188 2030 'quo
234 1943 581 2029 loquImur)
634 1944 914 2008 Historiae
943 1943 1246 2007 Naturalis
1274 1968 1536 2030 unquam
1569 1947 1675 2008 sbi

67 2032 532 2134 proposuerunt.
582 2038 788 2117 Atque
836 2035 891 2095 in
919 2035 1031 2096 hoc
1081 2034 1404 2118 plurimum
1433 2036 1559 2120 est,

71 2124 173 2209 qui
221 2145 413 2208 partes
455 2122 740 2185 scribendi
775 2123 998 2186 Histot
956 2147 1102 2185 uam
1157 2119 1512 2187 Naturalem
1564 2123 1670 2187 fibi

66 2213 300 2297 posthac
327 2212 715 2312 sumpserint,
767 2214 877 2284 hoc
925 2235 1203 2296 perpetuo
1227 2213 1541 2298 cogitent,
1590 2236 1672 2277 at-

66 2326 178 2386 que
203 2302 406 2364 animo
450 2302 677 2387 agitent
706 2353 720 2379 ,
771 2302 823 2363 se
864 2326 979 2363 non
1009 2302 1287 2366 Leffloris
1301 2262 1671 2364 Odelee‘tatio.

66 2393 171 2463 ni,
220 2414 335 2452 non
364 2390 611 2454 utilitati
662 2390 766 2477 ipsi
793 2439 808 2465 ,
855 2415 969 2477 que
1017 2415 1090 2453 ex
1120 2390 1582 2454 Narrationibus
1607 2392 1671 2454 in

67 2479 300 2564 presens
339 2481 467 2566 capi
519 2480 689 2566 poffit
718 2531 734 2557 ,
782 2484 994 2546 debere
1023 2480 1310 2543 inservire
1338 2505 1360 2566 3
1410 2480 1501 2543 sed
1528 2503 1668 2541 con-

66 2568 303 2652 quirere
331 2572 388 2632 3<
437 2593 777 2670 comparare
804 2574 1026 2633 Rerum
1055 2570 1310 2654 Copiam
1338 2573 1392 2631 ἃ
1421 2568 1668 2630 varieta-

68 2678 230 2735 tem,
277 2681 391 2744 qut,³
430 2660 583 2723 veris
607 2658 1040 2722 Axiomatibus
1085 2657 1470 2721 conficiendis
1514 2658 1666 2720 suffi-

68 2745 227 2811 ciat.
281 2749 419 2810 Hoc
456 2750 622 2812 enim
654 2749 689 2811 si
719 2749 1027 2834 cogitent,
1077 2749 1329 2811 Modum
1359 2747 1664 2828 hujusmo—

67 2835 124 2896 di
150 2833 417 2916 Historie
461 2837 566 2927 ipfi
591 2838 691 2903 fibi
743 2839 1142 2926 prescribent.
1193 2836 1362 2901 Finis
1388 2835 1547 2898 enim
1576 2858 1663 2897 ie-

66 2923 152 3009 git
180 2926 477 2994 Modum.

1295 3019 1411 3077 111.
1438 3017 1578 3093 Quo
