2098 3490
490 74 611 155 184
876 72 1505 140 VERULAMII

485 186 760 250 Calidum
810 188 877 249 ad
903 188 1120 250 sensum
1147 240 1163 268 ,
1212 215 1300 254 res
1327 189 1670 276 RespeE‘tiva
1715 192 1793 255 est
1822 195 1877 256 δ(
1905 192 1967 256 in

394 274 606 337 >ordine
659 277 723 335 ad
774 278 1141 353 Hominem,
1190 302 1304 340 non
1349 278 1860 367 adrUniversum3
1910 284 1970 343 &

405 362 641 443 ponitur
666 364 819 424 recle
868 386 925 425 ut
952 366 1206 427 Effefilus
1233 369 1463 428 Caloris
1509 389 1733 428 tantum
1761 367 1819 428 in
1868 369 1974 453 spi-

399 451 580 511 ritum
610 451 994 513 Animalem:
1044 455 1206 531 Quin
1234 456 1410 517 etiam
1439 458 1494 516 in
1523 456 1573 516 se
1622 455 1743 537 ipso
1768 478 1852 516 res
1877 480 1974 517 va-

401 537 491 598 ria
536 539 651 612 est,
704 562 832 598 cum
880 539 1038 600 idum
1088 565 1288 625 corpus
1339 546 1554 625 (prout
1592 543 1792 603 Sensus
1840 565 2009 625 prae--

403 624 729 707 disponitur
779 634 801 705 )
853 625 1088 689 inducat
1136 630 1567 712 perceptionem
1617 652 1734 691 tam
1779 629 1979 692 Calidi

403 735 578 794 quam
606 711 827 797 frigidi
880 739 893 775 ε
946 737 1005 775 ut
1031 737 1189 798 patet
1237 741 1333 801 per
1356 719 1582 791 Instant.
1606 740 1713 799 42.
1750 721 1890 778 Tab.
1919 739 1978 800 3.

495 803 706 883 Neque
734 824 871 861 vero
920 804 1380 866 communicatio
1405 806 1672 881 Caloris,
1722 804 1832 866 slve
1859 809 1979 867 Na·

403 906 538 946 tura
563 890 681 965 ejus
705 888 1038 950 Tranfitiva
1065 940 1080 966 ,
1132 915 1231 974 per
1253 916 1425 975 quam
1454 916 1661 975 corpus
1686 895 1981 953 admotum

405 974 639 1055 corpori
693 975 882 1036 calido
928 976 1221 1038 incalescit
1251 1028 1265 1053 ‚
1314 980 1587 1041 confundi
1634 981 1802 1041 debet
1853 1003 1980 1038 cum

404 1059 595 1119 :forma
621 1061 814 1120 Calidi
843 1110 860 1123 .
910 1064 1092 1122 Aliud
1139 1064 1294 1121 enirn
1345 1065 1422 1122 est
1465 1067 1738 1125 Calidum
1767 1114 1783 1140 ,
1830 1067 1983 1126 aliud

408 1144 847 1206 Cale-faelivum
874 1192 888 1205 .
942 1149 1100 1207 Nam
1127 1168 1227 1228 per
1275 1168 1500 1207 motum
1530 1150 1881 1212 Attritionis
1906 1153 1988 1212 in.

409 1233 639 1293 ducitur
663 1232 841 1293 Calor
887 1233 1097 1316 absque
1123 1232 1322 1315 aliquo
1344 1229 1562 1296 Calido
1597 1239 1948 1319 praecedente
1973 1285 1989 1312 ,

407 1320 559 1381 unde
609 1319 934 1383 excluditur
958 1319 1387 1382 Calefaffiivum
1439 1346 1468 1383 a
1495 1328 1707 1385 Forma
1753 1323 1991 1385 Calidi.

410 1410 611 1487 Atque
637 1408 811 1466 etiam
864 1408 958 1465 ubi
986 1406 1262 1468 Calidum
1304 1408 1560 1468 efficitur
1584 1433 1680 1489 per
1725 1411 1992 1494 approxi-

407 1494 732 1555 mationem
762 1491 956 1555 Calidi
988 1540 1003 1568 ‚
1054 1492 1164 1553 hoc
1189 1494 1373 1576 ipsum
1427 1518 1540 1555 non
1569 1496 1632 1556 fit
1681 1500 1989 1561 ex-forrna

410 1579 659 1664 Calidi3
710 1579 796 1640 sed
845 1579 1091 1639 omnino
1140 1584 1396 1661 pendeta
1425 1587 1653 1644 Natura
1701 1587 1988 1647 altiore&

409 1666 600 1750 magis
628 1665 924 1726 communi
957 1689 977 1748 3
1030 1666 1150 1729 vid.
1178 1691 1249 1729 ex
1278 1673 1503 1732 Natura
1532 1670 1987 1733 Affimilationis

410 1754 530 1814 {ive
576 1752 1107 1833 Multiplicationis
1154 1755 1236 1816 sui
1288 1782 1301 1817 ε
1350 1759 1417 1818 de
1443 1782 1555 1841 qua
1601 1758 1864 1821 facienda
1909 1760 1987 1821 est

411 1842 717 1926 separatim
771 1839 1108 1924 inquifitio⁶

507 1935 590 1988 At
640 1927 803 1988 notio
853 1929 1007 2013 Ignis
1056 1931 1276 2013 plebeia
1303 1930 1419 2007 est,
1466 1936 1524 1994 &
1571 1933 1722 1994 nihil
1769 1934 1920 1994 valet
1968 1958 1987 1997 t

414 2014 733 2097 composita
783 2018 938 2076 enim
987 2018 1062 2077 est
1112 2042 1181 2080 ex
1230 2021 1506 2082 concursu
1555 2020 1747 2104 quifit
1794 2021 1991 2083 Calidi

414 2106 472 2163 δε
498 2104 707 2164 Lucidi
739 2103 796 2163 in
822 2104 1022 2187 aliquo
1045 2128 1286 2188 corpore
1313 2129 1333 2189 3
1372 2128 1434 2166 ut
1460 2107 1517 2168 in
1545 2109 1808 2170 Flamma
1837 2132 1992 2170 com-

415 2191 578 2252 muni
607 2245 626 2273 ,
675 2194 729 2251 8<
756 2193 1092 2275 corporibus
1116 2193 1358 2254 accensis
1383 2195 1555 2276 usque
1602 2197 1670 2257 ad
1697 2198 1986 2257 ruborem.

503 2280 757 2338 Remoto
782 2275 977 2361 itaque
1023 2282 1183 2341 omni
1213 2281 1546 2363 AEquivoco
1573 2331 1587 2357 ‚
1639 2284 1989 2343 veniendum

412 2364 534 2447 jam
584 2364 812 2426 tandem
840 2369 917 2428 est
965 2369 1031 2430 ad
1059 2370 1422 2451 Diffirentias
1471 2392 1631 2430 veras
1655 2392 1779 2452 quae
1830 2369 1985 2429 limi-

415 2470 542 2512 tant
590 2453 822 2514 Motum
855 2503 870 2531 ‚
919 2459 974 2515 δε
1023 2456 1376 2519 constituunt
1423 2478 1555 2516 eum
1600 2455 1663 2517 in
1709 2461 1982 2519 Formam

417 2537 658 2600 Calidi.

2088 332 2098 366 -.ἡ
2086 295 2091 302 ·
2083 0 2098 275 a——r‘aet—

249 2651 263 2680 ί

418 2711 719 2870 PRima
767 2712 1297 2801 igitur-Dt'ffierentia
1341 2743 1406 2782 ea
1444 2719 1563 2796 est,
1610 2721 1765 2804 quod
1808 2718 1987 2783 Calor

592 2800 659 2863 s1t
704 2802 911 2865 Motus
954 2807 1357 2891 ExpanfivuS‚
1423 2830 1524 2891 per
1564 2830 1739 2892 quem
1785 2825 1983 2901 corpus

1811 2914 1893 2953 ni·
