2131 3573
300 118 660 191 NOVUM
719 122 1313 190 ORGANUM.
1454 130 1540 196 Si.

32 239 122 305 sus
141 238 346 301 omnia
368 232 687 317 compleffli
716 236 771 294 &
798 237 1144 302 concludere
1173 242 1467 316 videntur,
1494 263 1624 325 quae

31 328 96 391 in
125 327 268 390 illud
313 324 642 406 subjefflm
671 325 874 387 cadere
922 326 1148 413 possunt
1178 373 1192 389 .
1243 331 1448 411 Atque
1477 331 1617 392 licet

15 419 298 495 ⁸membra
336 413 438 479 illa
485 412 636 474 male
683 414 971 498 impleta,
1022 420 1079 478 δε
1123 415 1305 478 veluti
1354 419 1619 499 Capsulae

14 498 412 586 'inanesfint3
461 522 660 564 tamen
711 505 857 586 apud
889 506 1264 568 Intellecstum
1317 505 1617 589 vulgarem

35 591 308 656 Scientiae
351 588 610 654 formam
640 593 696 654 ὅ(
724 593 1019 656 rationem
1059 594 1304 680 integrae
1332 617 1443 679 prae
1470 594 1522 656 se
1548 593 1632 654 fe.

38 704 174 746 runt
199 733 216 748 .
364 702 367 704 ’

119 778 207 834 At
232 765 407 852 primi
453 771 512 832 &
540 768 958 855 Antiquissimi
1009 771 1280 835 veritatis
1311 770 1626 856 Inquisito-

32 883 158 935 κε,
210 858 453 920 meliore
479 857 592 922 fide
639 861 697 921 &
738 858 861 922 fato
887 910 903 937 ,
954 862 1362 947 cognitionem
1416 863 1579 922 illam
1610 911 1627 937 ‚

37 970 210 1032 quam
236 970 314 1010 cx
358 971 555 1011 rerum
583 950 1093 1034 contemplatione
1143 953 1450 1034 decerpere
1480 954 1533 1011 δε
1565 951 1628 1012 in

33 1037 192 1100 usum
216 1036 535 1100 recondere
585 1038 910 1101 statuebant
941 1088 956 1115 ‚
1010 1042 1070 1100 in
1095 1043 1467 1125 Aphorismos
1499 1088 1512 1113 ,
1566 1037 1632 1099 si-

31 1135 101 1187 v'e
149 1127 400 1208 breves,
449 1127 788 1210 easdemque
836 1128 1047 1210 sparsas
1096 1178 1112 1205 ‚
1178 1153 1284 1191 nec
1333 1129 1630 1190 Methodo

32 1214 332 1276 revinfstas
376 1214 735 1286 sententiaa,
784 1215 1084 1274 coniicere
1136 1217 1400 1279 solebant
1461 1242 1481 1300 3
1536 1239 1632 1277 ne-

34 1322 144 1381 que
171 1302 224 1362 se
250 1305 466 1362 Artem
515 1298 848 1362 universam
880 1301 1197 1384 comples-sti
1232 1304 1580 1365 simulabant
1609 1353 1628 1379 ‚

36 1408 134 1449 aut
181 1387 609 1471 profitebantur
633 1434 646 1447 .
697 1392 784 1452 At
830 1411 899 1447 eo
944 1413 1063 1469 quo
1108 1413 1261 1450 nunc
1303 1415 1388 1450 res
1435 1392 1627 1473 agitur

36 1476 214 1556 modo
235 1525 250 1551 ,
305 1475 552 1537 minime
602 1473 819 1535 mirum
867 1474 946 1535 est
972 1525 993 1555 ,
1049 1473 1099 1533 s1.
1125 1475 1402 1536 hon-sines
1452 1478 1509 1534 in
1559 1477 1633 1539 {is

38 1562 314 1626 ulteriora
341 1582 457 1623 non
483 1581 747 1645 quaerant
773 1607 788 1636 ‚
838 1584 963 1642 quae
991 1583 1093 1644 pro
1143 1562 1419 1647 perfeE’tis
1445 1568 1499 1625 ὃ(
1528 1589 1629 1628 nu-

41 1653 211 1714 meris
235 1649 345 1713 suis
371 1649 723 1734 jampridem
751 1651 1029 1712 absolutis
1055 1654 1368 1714 traduntur
1392 1701 1406 1716 .

120 1739 503 1804 LXXXVII.
555 1738 755 1802 Etiam
787 1739 1057 1825 Antiqua
1109 1765 1386 1826 magnum
1433 1743 1626 1806 existi·

35 1827 314 1892 mationis
336 1831 393 1890 δε
421 1825 554 1891 fidei
584 1828 1017 1892 incrementum
1039 1852 1498 1914 acceperunt‚ex
1534 1858 1624 1897 eo-

33 1941 161 1979 rum
194 1917 456 1980 vanitate
482 1919 540 1976 &
568 1915 812 1977 levitate
838 1917 939 2001 qui
971 1940 1121 1979 nova
1151 1923 1570 2004 proposuerunt
1599 1946 1622 2007 3

34 2003 350 2089 praesertim
381 2005 441 2065 in
471 2003 862 2090 Philosophiae
892 2008 1195 2070 Naturalis
1240 2033 1401 2090 parte
1427 2011 1627 2074 activa

39 2097 97 2156 ἃ
121 2091 444 2178 operativa.
475 2097 689 2178 Neque
715 2094 874 2156 enim
902 2093 1208 2159 defuerunt
1236 2100 1506 2161 homines
1533 2125 1628 2162 va-

38 2181 268 2268 niloqui
295 2185 352 2244 &
382 2181 730 2266 phantastici
759 2232 775 2258 ,
824 2184 925 2267 qui
955 2186 1168 2268 partim
1218 2209 1290 2246 ex
1318 2188 1630 2250 credulita-

38 2295 93 2334 te
120 2321 137 2349 ,
187 2271 402 2355 partim
429 2295 504 2334 ex
530 2272 846 2357 impostura
877 2323 892 2346 ,
941 2297 1123 2358 genus
1150 2273 1471 2338 humanum
1497 2300 1627 2361 pro-

36 2358 220 2423 misfis
263 2383 624 2424 onerarunt:
678 2361 816 2424 vitae
868 2363 1388 2446 Prolongationem
1439 2415 1456 2442 ‚
1525 2369 1624 2427 Se-

38 2448 289 2512 neS’tutis
337 2450 798 2514 retardationem
827 2501 842 2525 ,
891 2451 1160 2513 dolorum
1207 2453 1573 2517 levationem
1601 2505 1618 2532 ,

43 2537 423 2601 Naturalium
451 2539 786 2604 defeffluum
816 2541 1243 2624 reparationem
1274 2592 1290 2618 ,
1341 2545 1620 2606 Sensuum

39 2626 411 2709 deceptiones
434 2677 453 2706 ‚
503 2629 847 2695 AffeE‘tuum
875 2629 1188 2714 ligationes
1213 2633 1269 2692 &
1319 2631 1620 2694 incitatio·

40 2736 139 2776 nes
166 2762 181 2790 ‚
212 2715 711 2790 Intellefitualium
739 2719 1084 2782 facultatum
1112 2719 1619 2796 illuminatione53

42 2804 99 2862 8<
121 2802 511 2868 exaltationes
533 2808 1623 2885 Substantiarumtransniutatione5,&

44 2891 324 2955 Motuum
351 2896 420 2957 ad
444 2894 683 2960 libitum
727 2897 1135 2962 roborationes
1174 2900 1231 2962 ἃ
1261 2898 1622 2972 multiplica-

1017 2991 1064 3047 F
1421 2989 1529 3049 tio-
