2131 3573
355 127 731 188 NOVUM
787 128 1352 192 ORGANUM.
1448 137 1566 197 281

97 264 203 308 nec
228 262 423 305 tamen
468 237 604 323 uri;
653 239 1098 312 &joculatores
1141 246 1270 303 vala
1309 244 1473 326 plena
1503 245 1665 307 Vino

98 332 193 394 vel
239 336 456 414 Aqua,
504 347 819 410 permotus
868 326 1047 410 agiles
1075 331 1143 388 ὅ(
1190 334 1433 414 aeqnales
1482 356 1666 394 verte-

99 444 161 482 re
206 418 464 482 deorsum
493 465 514 495 ‚
561 413 858 474 &sursum
911 439 1293 500 recuperare,
1341 445 1455 482 non
1487 420 1668 482 effuso

64 509 371 591 >liquot·e;
420 504 474 562 8(
506 500 682 561 multa
734 503 1106 582 hujusmodi.
1158 509 1284 567 Nec
1320 510 1508 571 minus
1534 508 1669 593 ipsae

97 588 563 676 Compreffiones
607 592 663 648 8<
714 590 1103 654 Dilatationes
1148 642 1165 670 ,
1215 597 1268 654 32<
1316 595 1674 680 Eruptiones

100 689 429 764 Corporum
481 674 672 752 fiunt,
725 678 848 739 aliae
876 682 1177 754 velocius,
1227 683 1602 746 aliaetardius
1650 731 1675 759 ,

100 792 205 855 pro
250 769 473 830 Natura
518 767 803 846 Corporis
847 769 905 828 ὃς
952 770 1198 844 Momm,
1247 772 1339 833 sed
1390 796 1490 856 pet·
1535 774 1677 832 Mo-

100 876 294 920 menta
341 874 536 914 certa.
587 853 944 931 Quinetiam
977 855 1036 916 in
1062 858 1391 939 explofione
1418 859 1677 943 plurium

68 943 558 1023 ,Bombardarurn
611 941 775 1003 fimul
821 991 837 1019 ,
886 966 1012 1027 quae
1059 946 1447 1009 exaudiuntur
1497 970 1678 1032 quan-

94 1033 286 1114 doque
335 1031 405 1093 ad
434 1029 782 1091 Distantiarn
833 1031 1079 1114 triginta
1107 1034 1458 1097 milliarium
1488 1084 1503 1109 ‚
1553 1057 1684 1117 pet·-

96 1120 317 1203 cipitur
359 1121 543 1177 Sonus
592 1117 747 1197 prius
791 1118 864 1176 ab
913 1118 987 1177 iis
1031 1120 1131 1202 qui
1184 1124 1601 1206 prope-absunt
1649 1145 1682 1183 a

101 1209 237 1268 loco
280 1202 379 1265 ubi
432 1200 498 1263 fit
524 1202 762 1264 Sonitus
794 1251 808 1277 ‚
858 1227 1031 1285 quam
1077 1207 1149 1267 ab
1197 1207 1270 1269 iis
1295 1212 1393 1294 qui
1446 1212 1617 1294 longe
1663 1253 1684 1271 .

105 1297 193 1356 At
242 1292 299 1353 in
326 1290 473 1352 Visu
524 1292 730 1372 (cujus
756 1292 1072 1354 Affiio-est
1119 1297 1558 1378 perniciffima)
1610 1296 1684 1358 li-

106 1402 246 1466 quet
293 1378 472 1440 etiarn
501 1377 720 1459 requiri
771 1378 840 1437 ad
866 1401 994 1438 eum
1023 1381 1374 1445 a&uandum
1409 1390 1684 1448 Momen-

108 1492 167 1532 ta
215 1487 376 1530 certa
419 1462 736 1543 Temporis
783 1486 803 1546 3
875 1463 1051 1546 idque
1098 1470 1374 1547 probatur
1421 1496 1491 1534 ex
1540 1474 1611 1533 iis
1665 1525 1685 1551 ,

110 1559 237 1641 quae
284 1572 518 1638 propter
567 1553 770 1612 Motus
822 1552 1197 1621 velocitatem
1267 1579 1380 1620 non
1432 1583 1684 1624 cernun-

105 1667 250 1726 tur3
299 1660 359 1702 ut
383 1661 456 1701 ex
505 1638 721 1701 latione
752 1638 876 1720 pilae
904 1663 971 1700 ex
999 1642 1310 1726 Scloppeto
1336 1693 1348 1706 .
1401 1649 1687 1711 Velocior

107 1730 269 1794 enim
319 1728 397 1790 est
444 1728 880 1811 praetervolatjo
931 1728 1057 1810 pilae
1100 1779 1116 1806 ‚
1165 1755 1338 1816 quam
1390 1735 1688 1819 impreffio

119 1817 345 1903 Speciei
395 1818 516 1897 ejus
539 1839 664 1898 quae
711 1813 922 1876 deferri
954 1840 1180 1897 poterat
1228 1824 1293 1882 ad
1325 1825 1528 1887 Visum
1559 1873 1572 1886 .

203 1911 406 1988 Atque
455 1904 614 1985 hoe,
663 1926 790 1964 cum
844 1903 1164 1984 fimilibus,
1212 1910 1382 1972 nobis
1426 1916 1686 1997 quando-

111 2018 225 2079 que
271 1991 704 2054 dubitationem
737 1992 962 2073 peperit
1014 1994 1182 2075 plane
1230 2001 1607 2063 monstrosam
1659 2029 1683 2089 3

113 2083 395 2154 videlicet
419 2129 435 2152 ‚
490 2102 680 2140 utrum
711 2081 863 2140 Coeli
895 2083 1094 2144 Sereni
1133 2087 1200 2146 ’ἃ
1227 2086 1453 2150 Stellati
1482 2091 1702 2182 Facies0

116 2171 187 2234 ad
234 2170 390 2232 idern
419 2172 681 2252 Tempus
730 2191 994 2230 cernatur
1016 2175 1254 2254 quando
1304 2198 1439 2238 vere
1463 2178 1685 2260 existit,

115 2282 195 2321 an*
239 2259 433 2341 potius
479 2255 781 2340 aliquanto
831 2259 951 2339 post
1012 2283 1032 2344 3
1104 2263 1160 2320 δε
1207 2283 1402 2326 utrum
1450 2287 1565 2327 non
1619 2266 1684 2328 fit

119 2349 445 2431 (quatenus
492 2345 560 2406 ad
613 2345 817 2406 Visum
865 2347 1207 2409 Coelestium
1256 2356 1278 2430 )
1329 2374 1443 2414 non
1491 2355 1684 2416 minus

115 2438 384 2517 'Tempus
406 2447 607 2494 verum
635 2481 651 2507 ,
701 2436 756 2494 δε
783 2437 1050 2516 Tempus
1072 2437 1256 2498 visum
1285 2487 1301 2513 ,
1349 2464 1521 2525 quam
1562 2446 1683 2505 Lo-

125 2545 221 2583 cus
264 2545 471 2596 verm,
520 2524 575 2582 8<
604 2525 796 2584 Locus
843 2521 1038 2600 visus,
1087 2526 1185 2609 qui
1215 2549 1457 2591 notatur
1503 2532 1572 2591 ab
1598 2534 1681 2592 A·

120 2610 433 2672 stronomis
480 2609 541 2670 in
589 2609 987 2672 Parallaxibus
1033 2660 1049 2674 .
1120 2616 1291 2676 Adeo
1334 2617 1682 2681 incredibile

129 2696 296 2758 nobis
343 2698 647 2759 videbatur
693 2748 709 2770 Ἴ
759 2698 984 2781 Species
1032 2699 1146 2762 five
1194 2705 1410 2766 Radios
1452 2709 1683 2788 Corpo-

127 2806 256 2845 rum
277 2784 618 2846 Coelestium
647 2834 669 2857 ,.
713 2810 809 2866 per
832 2808 951 2848 tam
1000 2787 1278 2853 immensa
1326 2791 1499 2875 spatia
1549 2791 1686 2854 mil.

129 2871 362 2936 liarium
410 2871 596 2937 subito
621 2874 831 2940 deferri
882 2874 1035 2960 poffe
1082 2881 1149 2942 ad
1179 2880 1431 2969 Visumg
1480 2880 1568 2975 sed
1597 2904 1670 2963 po
1733 2937 1754 2954 „

1486 2991 1598 3032 tius
