2098 3490
297 2113 309 2139 6

531 111 566 154 2
583 108 654 158 10
944 90 1069 148 ΥΕ
1089 94 1147 148 R
1173 85 1222 148 U
1240 91 1289 148 L
1309 83 1526 148 AM!
1543 81 1578 148 Ῑ

444 205 522 266 est
545 208 738 287 Caput
766 225 787 286 3
839 203 1034 262 Partes
1060 222 1252 262 autem
1281 200 1581 261 seminales
1605 197 1732 261 sunt
1759 194 2012 278 infime,

443 315 561 354 nen
586 289 936 374 computatis
982 288 1456 360 extremitatibus
1481 286 1762 349 tibiarum
1804 290 1860 347 &
1889 289 2010 350 bra-

441 381 706 441 chiorum
734 427 753 445 .
802 382 887 439 At
913 376 969 438 in
997 375 1203 438 Planta
1231 424 1246 450 ‚
1296 376 1459 436 radix
1512 380 1678 458 (quae
1703 372 1878 435 instar
1899 379 2009 438 Cas

440 467 582 552 pitis
628 467 704 527 est
732 466 755 546 )
808 462 1145 548 regulariter
1190 460 1396 524 infimo
1439 463 1572 546 loco
1613 461 1939 524 collocatur
1985 484 2009 546 3

438 556 655 619 semina
695 574 883 614 autern
931 552 1238 635 supremo.
1615 573 1617 577 ·

533 641 803 723 Denique
827 639 969 702 illud
1014 636 1258 702 omnino
1305 635 1747 720 praecipiendum
1793 634 1871 697 est
1890 683 1906 712 ‚
1953 637 2014 697 δε

442 730 642 813 saepius
687 730 1043 790 monendum
1070 750 1092 812 3
1141 746 1204 788 ut
1247 725 1551 809 diligentia
1595 724 1900 786 hominum
1950 721 2015 784 in

441 814 826 900 Inquifitione
871 818 930 875 δε
954 812 1247 899 Congerie
1276 812 1574 878 Naturalis
1601 811 1873 874 Historiae
1918 810 2017 871 de·

441 904 639 987 inceps
666 922 921 965 mutetur
948 903 1112 985 plane
1137 950 1153 978 ‚
1204 903 1261 963 8<
1287 921 1544 962 vertatur
1569 899 1626 960 in
1652 897 2014 961 contrarium

442 994 565 1072 ejus
611 993 762 1073 quod
790 989 1025 1051 nuncin
1053 990 1151 1050 usu
1196 988 1315 1061 >est.
1364 990 1585 1071 Magna
1608 986 1767 1047 enim
1815 983 2015 1046 hucus-

442 1100 551 1160 que
577 1123 592 1149 ‚
642 1097 814 1156 atque
837 1076 982 1134 adeo
1006 1073 1229 1146 curiosa
1254 1072 1363 1130 fuit
1389 1072 1696 1131 hominum
1721 1071 2018 1145 industria,

444 1165 506 1226 in
555 1162 806 1221 notanda
832 1180 1024 1219 rerum
1073 1154 1399 1228 rvarietate,
1444 1175 1623 1238 atque
1660 1157 2019 1236 explicandis

447 1248 733 1314 accuratis
757 1243 1128 1307 Animalium
1157 1290 1172 1318 ‚
1221 1243 1558 1305 Herbarum
1587 1289 1604 1317 ,
1627 1244 1683 1302 δε
1711 1241 2018 1304 Foffilium

447 1334 795 1399 differentiis
823 1358 843 1418 3
892 1354 1136 1415 quarum
1164 1329 1656 1414 pleraequetmagis
1682 1329 1806 1391 sunt
1831 1329 2016 1413 Lusus

450 1431 697 1489 Naturae
725 1469 740 1495 ,
790 1442 964 1501 quam
1014 1419 1168 1478 seriae
1217 1418 1462 1495 alicujus
1507 1417 1781 1478 utilitatis
1826 1417 2020 1479 versus

449 1509 736 1574 Scientias
765 1555 778 1570 .
831 1503 1080 1566 Faciunt
1108 1516 1264 1564 certe
1313 1502 1639 1584 hujusmodi
1670 1508 1784 1579 Res
1830 1507 1897 1567 ad
1923 1505 2020 1566 de·

448 1596 858 1667 lefflationeQ
881 1613 1052 1672 atque
1079 1592 1254 1651 etiam
1280 1594 1627 1675 quandoque
1652 1592 1721 1653 ad
1749 1590 2019 1675 Praxim;
2094 1630 2096 1633 -

449 1706 656 1749 verum
685 1683 749 1742 ad
801 1678 1314 1756 introspiciendam
1343 1672 1634 1741 Naturam
1661 1701 1860 1759 parum
1882 1727 1899 1755 ‚
1923 1700 2020 1741 aue

451 1771 604 1844 nihil
632 1819 648 1836 .
704 1771 907 1849 Itaque
956 1767 1348 1828 conver-tenda
1397 1766 1565 1848 plane
1609 1767 1688 1828 est
1732 1788 1904 1850 opera
1951 1765 2020 1826 ad

451 1858 826 1942 inquirendas
878 1855 932 1914 ἃ
963 1855 1238 1931 notandas
1287 1874 1476 1916 rerum
1502 1853 1934 1917 Similitudines
1961 1853 2017 1913 δε
2074 1860 2078 1863 ’

453 1945 725 2027 Analoga
752 1995 772 2026 ‚
798 1965 915 2003 tam
945 1941 1001 2002 in
1046 1940 1426 2024 integralibus
1450 1992 1472 2024 ‚
1517 1962 1692 2022 quam
1717 1940 1973 2024 partibus
2005 1989 2021 2005 .

450 2032 575 2098 111ae
600 2035 757 2093 enim
807 2032 932 2091 sunt
956 2077 974 2106 ‚
1022 2053 1144 2111 quae
1172 2032 1464 2091 Naturam
1511 2032 1716 2092 uniunt
1741 2076 1759 2106 ,
1806 2031 1863 2090 δε
1890 2049 2022 2089 con-

455 2122 682 2183 stituere
709 2116 991 2180 Scientias
1040 2117 1331 2197 incipiunt
1355 2164 1370 2178 .
1654 2183 1657 2187 Δ

546 2212 769 2268 Verum
819 2204 875 2265 in
904 2204 992 2265 his
1034 2204 1285 2265 omnino
1328 2203 1407 2265 est
1453 2203 1776 2266 adhibenda
1800 2200 2018 2264 Cautio

455 2294 648 2382 gravis
673 2345 694 2375 ,
743 2295 798 2354 &
827 2293 1017 2355 severa
1045 2317 1065 2378 3
1119 2314 1176 2354 ut
1200 2291 1563 2373 accipiantur
1605 2315 1708 2374 pro
1733 2289 2023 2362 Instanciir

457 2382 838 2456 Conformibus
881 2383 952 2440 (θ’
977 2380 1412 2464 Proportionatis
1451 2378 1563 2439 illae
1587 2401 1709 2460 quae
1733 2377 2019 2456 denotant

456 2467 890 2545 Similitudines
939 2474 961 2549 (
986 2490 1047 2529 ut
1092 2471 1164 2541 ab
1226 2466 1402 2528 initio
1446 2464 1751 2547 diximus)
1826 2461 2019 2542 Phyfi.

459 2580 553 2618 cas
582 2582 614 2631 ,·
662 2552 717 2614 id
743 2556 817 2614 est
840 2603 856 2630 ‚
908 2556 1082 2616 reales
1108 2560 1164 2616 δε
1214 2552 1607 2619 substantiales
1631 2604 1653 2635 ‚
1701 2554 1759 2614 ὃ(
1784 2551 2023 2613 immer-

456 2648 542 2708 sas
590 2643 651 2701 in
677 2644 898 2702 Natura
924 2669 959 2719 ,0
1006 2667 1117 2703 non
1165 2643 1427 2704 fortuitas
1474 2643 1528 2699 ἃ
1575 2642 1645 2702 ad
1692 2638 1940 2723 speciem
1983 2659 2022 2715 ,⁴

460 2729 652 2792 multo
696 2727 888 2788 minus
912 2731 1320 2812 superstitiosas
1367 2748 1464 2790 aut
1487 2726 1734 2791 curiosas
1757 2776 1774 2805 ,
1822 2724 2017 2809 quales

462 2814 765 2885 Naturalis
789 2817 1005 2904 Magiae
1044 2818 1347 2907 scriptores
1373 2820 1393 2903 (
1418 2815 1680 2884 homi-nes
1722 2808 2020 2959 levifl‘gcmiv
