2098 3490
580 145 658 205 88
963 143 1588 203 VERULAMII

487 251 807 313 sustinuerit
834 301 849 328 ‚
900 251 946 313 is
973 252 1068 314 fibi
1116 253 1215 316 soli
1266 255 1439 316 hauc
1453 274 1687 338 operam
1735 249 2034 336 imponere
2090 323 2092 325 ,

491 340 706 424 poffit·
755 343 824 401 ab
850 341 1094 401 aliorum
1121 363 1309 403 autem
1334 341 1626 403 consortio
1649 339 1798 401 nihil
1846 345 2035 426 capiet,
2088 332 2098 404 l

489 426 801 488 utilitatis.
852 427 949 488 Sin
978 431 1032 488 ὃ(
1073 428 1183 490 hoc
1210 430 1593 505 toleraverit,
1642 449 1833 489 tamen
1861 451 1920 489 ιη
1944 455 2033 491 ca·

488 513 747 596 peffenda
775 513 1003 577 fortuna
1027 515 1361 578 industriam
1399 518 1547 578 hanc
1572 520 1625 578 ἃ
1655 516 2036 601 magnanimi·

488 620 665 662 tatem
717 600 814 661 fibi
843 625 956 663 non
1007 605 1120 664 levi
1153 604 1571 688 impedimento
1617 603 1737 664 fore
1778 604 2038 687 experie-

484 676 611 749 ttir.
662 688 858 750 Studia
886 691 1043 751 enim
1074 692 1433 753 hominum
1419 715 1478 753 ιη
1505 692 1779 774 ejusmodi
1810 691 1988 752 locis
1977 714 2037 752 tn
2094 747 2098 778 ι,

485 777 850 857 quorundam
880 778 1213 841 Authorum
1240 780 1448 862 scripta
1475 827 1491 855 ‚
1540 779 1762 841 veluti
1751 801 1806 840 in
1851 801 2036 841 carce-

486 884 614 938 τες,
663 864 928 925 conclusa
956 866 1128 952 sunr·
1178 891 1206 928 3
1230 867 1435 951 quibus
1460 867 1495 927 fi
1543 866 1673 951 quis
1702 866 2033 940 dissentiat,

485 949 765 1010 continuo
791 971 849 1011 ut
875 952 1057 1014 homo
1082 956 1386 1030 turbidu8‚
1434 958 1489 1016 8(
1516 976 1705 1016 rerum
1754 979 1867 1015 nov
1876 976 2032 1015 arum

484 1035 721 1119 cupidus
747 1040 1092 1122 corripitur.
1143 1048 1225 1102 At
1255 1065 1524 1125 magnum
1552 1063 1704 1103 certe
1727 1042 2036 1103 discrimen

483 1144 643 1184 inter
688 1128 801 1185 Res
824 1126 1094 1200 Civiles,
1144 1130 1446 1187 &Artesz
1498 1131 1639 1187 Non
1678 1129 1833 1189 enim
1879 1130 2032 1189 idern

482 1209 806 1290 periculum
853 1232 1062 1270 anovo
1109 1232 1315 1286 motu,
1365 1213 1478 1270 &a
1519 1233 1674 1271 nova
1709 1213 1877 1277 luce.
1925 1221 2038 1273 Vc·

481 1317 611 1356 rum
640 1294 700 1356 in
728 1298 892 1358 rebus
917 1296 1217 1359 Civilibus
1246 1297 1496 1358 mutatio
1537 1296 1715 1359 etiam
1744 1297 1802 1358 in
1831 1298 2035 1360 melius

480 1382 734 1465 suspeffia
758 1385 833 1444 est
855 1386 931 1443 ob
958 1383 1447 1463 perturbationem
1475 1409 1497 1466 3
1544 1407 1676 1446 cum
1700 1385 1923 1448 Civilia
1947 1409 2038 1447 aus

480 1468 763 1529 thoritate
790 1514 807 1542 ‚
855 1468 1125 1530 consensu
1152 1519 1168 1545 ‚
1217 1469 1367 1532 fama
1394 1517 1411 1547 ‚
1458 1475 1515 1531 ἃ
1552 1473 1868 1553 opinione,
1918 1496 2031 1533 non

480 1553 969 1616 demonstratione
1013 1556 1316 1623 nitantur.
1366 1561 1435 1618 In
1464 1558 1712 1620 Artibus
1755 1581 1946 1623 autem
1974 1563 2032 1620 δε
2091 1595 2097 1599 -

480 1641 756 1702 Scientiis
804 1662 1074 1724 tanquam
1105 1643 1163 1703 in
1213 1644 1434 1705 metalli
1463 1644 1675 1707 fodinis
1711 1649 1908 1708 omnia
1936 1672 2032 1707 no

478 1728 567 1789 vis
611 1727 900 1811 Operibus
943 1732 998 1790 3<
1067 1730 1435 1793 ulterioribus
1497 1732 1876 1818 progreffibus
1921 1735 2031 1795 cir-
2078 1805 2082 1809 ,

481 1815 865 1898 cumstrepere
909 1817 1166 1879 debent.
1218 1824 1414 1902 Atque
1457 1820 1765 1883 secundum
1810 1822 2029 1883 teclam

480 1902 795 1963 Rationem
823 1927 908 1964 res
955 1903 1034 1966 ita
1059 1905 1110 1966 se
1135 1905 1344 1982 habet,
1393 1906 1752 1969 sedinterim
1796 1925 1909 1968 non
1948 1909 2028 1969 ita

480 1988 747 2056 vivitur:
764 1991 885 2052 sed
930 1990 1074 2069 ista,
1120 2017 1293 2076 quam
1341 1994 1599 2056 diximus
1642 2043 1658 2071 ,
1721 1994 2030 2056 Βοὲὶτῐιη

477 2099 604 2137 rum
651 2076 1072 2140 administratio
1098 2083 1153 2142 δε
1181 2081 1436 2156 Politia,
1483 2080 1868 2144 Scientiarum
1894 2107 2030 2167 aug*

478 2185 674 2224 menta
700 2166 893 2226 durius
918 2190 1175 2250 premere
1201 2169 1538 2231 consuevit.

569 2255 729 2317 XCI.
781 2258 979 2336 Atque
1025 2255 1249 2336 insuper
1291 2255 1551 2316 licetista
1596 2255 1820 2318 invidia
1862 2255 2027 2318 ceffa·

478 2337 676 2419 verit·
724 2361 914 2401 tamen
941 2341 1074 2402 satis
1118 2343 1195 2402 est
1219 2344 1287 2404 ad
1332 2342 1718 2405 cohibendum
1759 2365 2025 2426 augmen-

478 2445 602 2486 tum
649 2425 1071 2504 Scientiarum,
1119 2431 1272 2512 quod
1312 2429 1640 2511 hujusmodi
1689 2451 1925 2491 conatus
1966 2433 2023 2491 δε

476 2510 762 2573 industriae
809 2517 1057 2595 praemiis
1101 2538 1329 2578 careant
1376 2564 1390 2578 .
1464 2520 1605 2578 Non
1649 2517 1804 2579 enim
1852 2540 2023 2600 penes

476 2597 701 2659 eosdem
733 2601 806 2658 est
853 2603 1071 2664 cultura
1095 2604 1528 2685 ScientiatQum
1576 2606 1631 2664 &
1673 2604 2019 2704 praemium.

475 2683 862 2746 Scientiarum
912 2691 1064 2751 enim
1112 2713 1413 2776 augmenta
1460 2715 1501 2752 3
1536 2692 1757 2777 magnis
1822 2692 2020 2773 utique

475 2771 741 2852 Ingeniis
765 2777 1159 2866 proveniunt3
1205 2803 1263 2842 at
1287 2777 1466 2864 pretia
1492 2780 1547 2839 δε
1573 2801 1807 2862 praemia
1831 2777 2022 2839 Scien-

475 2857 690 2922 tiaram
718 2860 842 2923 sunt
885 2885 1056 2947 penes
1084 2837 1304 2954 Vulgus
1348 2888 1447 2930 aut
1477 2866 1777 2952 Principes
1821 2865 1977 2927 viros
2002 2911 2019 2939 ‚

1830 2949 1931 3036 qui
