2098 3490
515 85 640 160 295
919 80 1550 148 VERULAMII

433 194 574 255 abslt
607 199 829 256 Natura
879 197 1068 258 aliena
1116 222 1237 280 quae
1284 200 1446 263 litem
1501 217 1736 260 moveat
1766 248 1781 264 .
1831 198 2000 263 Alte-³
2054 219 2085 257 ⁵³

432 306 540 355 m,
589 282 742 366 quod
771 284 988 346 ενέίὶοι·
1035 284 1098 345 fit
1147 288 1285 348 unio
1315 338 1329 362 ‚
1379 294 1738 370 &tanquam
1784 293 2002 370 majore

433 393 567 429 cum
615 371 841 432 delean
885 417 898 432 .
973 376 1041 434 In
1084 372 1190 433 illo
1237 376 1461 454 enim,
1532 376 1706 435 modo
1749 378 2003 440 evitetur

435 460 666 539 Corpus
715 459 1069 535 inimicum,
1118 466 1382 545 Corpora
1410 464 1588 527 etiarn
1639 485 1756 524 non
1802 465 2002 525 admo-

434 547 572 604 dum
621 569 862 630 cognata
911 570 1265 610 concurrunt
1314 575 1327 614 ε
1402 559 1485 614 At
1531 551 1588 612 in
1635 550 1746 611 hoc
1792 567 2005 613 coeunt

435 633 816 708 Substantiae,
866 658 1138 716 germana
1167 637 1331 720 plane
1383 638 1756 701 similitudine
1801 637 2004 699 devin-

433 720 586 804 &ae3
640 723 696 781 &
741 722 1066 786 conflantur
1109 747 1384 808 tanquam
1431 730 1489 791 in
1537 749 1753 789 unum.
1805 731 2008 810 Atque

432 808 529 866 hie
559 811 760 869 Motus
807 814 1079 873 omnibus
1123 816 1486 896 Corporibus
1525 812 1876 896 Compositis
1924 815 2006 874 in-

435 896 559 977 estg
611 898 746 957 &se
791 896 962 958 facile
1008 901 1480 981 conspiciendum
1534 902 1592 961 in
1640 902 1870 984 singulis
1917 904 2009 961 dai.

431 1006 517 1040 ret
547 1032 561 1054 ,
613 983 713 1043 nifi
743 984 1021 1065 ligaretur
1064 991 1121 1046 &
1149 989 1488 1050 fraenaretur
1534 1011 1634 1069 per
1671 991 1815 1050 alios
1860 994 2007 1049 Cor-

431 1092 636 1147 porum
686 1070 1003 1149 Appetitus
1048 1073 1105 1127 &
1158 1072 1541 1134 Neceffitates
1591 1117 1610 1147 ,
1671 1097 1795 1154 quae
1844 1077 2005 1136 istam

429 1153 775 1215 Coitionem
823 1153 1186 1220 disturbant.

2062 0 2079 79 ἓ

2069 316 2086 356 43

519 1241 776 1325 Ligatur
819 1264 1011 1304 autem
1042 1246 1245 1306 Motus
1291 1243 1394 1307 iste
1438 1244 1779 1331 plerumque
1827 1248 2010 1310 tribus
2082 1300 2093 1314 ,

432 1330 665 1396 modis:
718 1333 988 1412 Torpore
1036 1334 1417 1415 Corporum3
1470 1337 1674 1396 Fraeno
1720 1336 2004 1418 Corporis

434 1416 861 1499 Dominantis3
910 1420 967 1475 δε
996 1420 1169 1476 Motu
1215 1437 1500 1484 externo,
1553 1424 1649 1484 Ad
1675 1426 2006 1507 Torporem

431 1506 767 1584 Corporum
816 1504 970 1586 quod
1019 1506 1226 1566 attinet
1272 1530 1292 1591 3
1357 1529 1582 1568 certum
1629 1511 1705 1571 est
1748 1559 1765 1586 ‚
1835 1511 2008 1574 inesse

432 1590 794 1667 Corporibus
843 1590 1226 1671 tangibilibus
1256 1593 1573 1677 pigritiam
1615 1600 1902 1680 quandam
1932 1600 2009 1660 se·
2078 1664 2082 1667 ,

435 1679 682 1737 cundum
715 1676 898 1759 magis
927 1680 979 1735 ὅ(
1023 1677 1214 1739 minus
1239 1732 1259 1761 ‚
1307 1685 1363 1742 &
1391 1684 1846 1746 Exhorrentiam
1879 1691 2007 1747 Moz-
2094 1726 2098 1733 .

433 1787 521 1824 tus
569 1764 851 1847 Localis3
903 1786 961 1824 ut
1008 1763 1113 1825 nisi
1163 1766 1495 1830 excitentur
1541 1819 1558 1845 ‚
1611 1773 1816 1834 malint
1865 1775 2008 1836 statu
2089 1799 2098 1833 ι

434 1853 533 1913 suo
583 1854 803 1933 (prout
855 1852 1028 1931 sunt)
1079 1852 1186 1914 effe
1213 1875 1534 1938 contenta,
1579 1860 1840 1942 quamin
1892 1884 2010 1921 me·
2094 1898 2098 1912 ι

440 1939 551 1999 lius
576 1940 628 1998 se
678 1941 990 2019 expedire.
1046 1940 1380 2005 Discutitur
1408 1967 1600 2006 autem
1649 1946 1748 2008 iste
1773 1950 2011 2030 Torpot·
2092 1959 2098 1964 ⁴

443 2026 659 2107 triplici
706 2028 960 2090 Auxilio
1001 2053 1014 2090 ε
1068 2053 1163 2090 aut
1213 2054 1311 2114 per
1356 2033 1630 2094 Calorem
1677 2087 1698 2115 ,
1768 2056 1862 2096 aut
1912 2059 2011 2118 per

416 2114 741 2174 ‘Virtutem
795 2115 1034 2195 alicujus
1059 2119 1312 2201 Cognati
1343 2120 1599 2203 corporis
1622 2122 2011 2198 eminenterm-

439 2223 534 2262 aut
591 2225 685 2283 per
710 2206 949 2263 Motum
1001 2205 1264 2267 vividum
1312 2210 1365 2267 ὃ(
1414 2230 1754 2289 potentem:
1805 2216 2009 2293 Atque
2092 2246 2098 2292 <j

448 2289 637 2369 primo
662 2293 851 2372 quoad
901 2292 1182 2354 auxilium
1211 2295 1480 2356 caloris:
1535 2296 1671 2357 hinc
1699 2296 1762 2357 fit
1787 2346 1803 2371 ,
1851 2301 2008 2381 quod

449 2376 629 2437 Calor
679 2379 1085 2459 pronuntietur
1109 2381 1216 2441 effe
1269 2382 1408 2443 illud
1436 2386 1589 2466 quod
1628 2388 1851 2466 separet
1898 2391 2010 2448 He·
2092 2387 2093 2391 ¹

451 2483 723 2543 terogenea
748 2514 763 2538 ,
813 2489 1094 2549 congreget
1117 2476 1454 2553 Homogenea
1478 2520 1494 2536 .
1544 2474 1738 2549 Quam
1787 2471 2012 2534 Defini⁶

2091 2547 2098 2572 ‚i

451 2551 678 2611 tionem
733 2555 1246 2638 Peripateticorum
1301 2559 1510 2620 merito
1553 2559 1750 2623 derifit
1791 2562 2012 2621 Gilher-
2094 2575 2098 2641 ξ

452 2659 588 2721 tu53
635 2637 869 2716 dicens,
916 2667 1040 2704 eam
1067 2644 1176 2705 effe
1226 2646 1458 2728 perInde
1484 2670 1546 2708 ac
1597 2645 1634 2706 fi
1676 2647 1810 2730 quis
1857 2650 2015 2708 dice-r
2092 2647 2098 2728 ξ

454 2746 541 2785 ret
590 2748 654 2786 ac
678 2726 945 2791 definiret
990 2732 1492 2795 Hominumillud
1541 2734 1688 2811 effe,
1736 2737 1889 2817 quod
1929 2736 2010 2797 ses
2096 2763 2098 2767 ·

455 2831 546 2873 rat
590 2813 893 2879 Triticum
935 2866 955 2895 ‚
1003 2819 1059 2881 δέ
1102 2820 1325 2906 plantet
1369 2824 1585 2888 Vineas
1631 2848 1646 2887 ;
1695 2823 1803 2885 effe
1850 2822 2008 2885 enim

1804 2913 1921 2969 De·
