2131 3573
325 142 693 203 NOVUM
753 144 1335 210 ORGANUM.
1451 147 1533 231 87

38 255 381 344 posteriores
403 275 593 317 metus
617 254 789 316 nobis
815 255 1091 319 videntur
1133 256 1382 318 omnino
1408 258 1624 344 sapien.

37 348 186 410 tiam
235 342 552 409 animalem
581 343 827 429 sapere·
876 368 941 406 ac
970 344 1008 406 fi
1055 344 1412 407 hominesin
1461 372 1628 412 men-

36 436 118 500 tis
161 435 272 501 suat
314 431 679 515 recessibus,
728 435 784 494 δε
837 433 1070 497 secretis
1114 434 1585 520 cooitationibus
1613 487 1630 515 ‚

36 527 109 590 de
152 521 518 587 firmitudine
546 484 924 607 Religionis,
973 528 1029 586 &
1059 523 1224 586 Fidei
1274 545 1334 585 in
1385 526 1626 588 Sensum

37 613 335 701 imperio,
360 609 699 674 diffiderent
722 635 789 672 ac
827 613 1194 702 dubitarent3
1223 615 1281 676 8<
1311 635 1625 698 propterea

39 707 113 768 ab
157 698 536 784 inquisitione
564 699 852 764 Veritatis
900 701 962 764 in
991 703 1385 766 Naturalibus
1410 704 1637 787 pericu„

37 794 162 856 lum
202 790 321 853 illis
367 789 712 874 impendere
761 811 1131 854 metuerent.
1186 797 1273 855 At
1319 815 1456 853 vere
1502 816 1628 855 rem

39 878 330 966 reputanti
381 928 400 956 ‚
455 879 834 964 Philosophia
882 880 1190 944 Naturalis
1242 930 1259 958 ‚
1308 882 1432 964 post
1480 886 1632 942 Ver.

41 971 177 1033 bum
204 968 316 1032 Dei
344 968 666 1032 certiflima
692 970 1131 1055 Superstitionis
1180 971 1472 1034 medicina
1503 971 1630 1058 cst3

35 1058 354 1144 eademque
380 1058 853 1141 probatiffimurn
882 1060 1046 1123 Fidei
1075 1061 1436 1124 alimentum
1466 1109 1482 1123 .
1512 1066 1633 1121 lta-

36 1171 149 1233 que
177 1147 395 1209 merito
418 1148 727 1232 Religioni
756 1152 1010 1210 donatur
1035 1171 1319 1234 tanquam
1346 1147 1628 1212 fidiffima

40 1236 330 1299 Ancilla:
382 1256 517 1296 cum
564 1235 747 1294 altera
793 1235 1182 1297 Voluntatem
1237 1238 1392 1312 Dei,
1441 1239 1630 1299 altera

39 1324 390 1386 Potestatem
438 1321 816 1388 manifestet.
869 1327 1079 1407 Neque
1104 1324 1266 1387 enim
1313 1326 1631 1388 erravitil-

37 1412 91 1476 le
115 1410 225 1498 qu't
245 1410 454 1494 dixit·
503 1412 778 1482 Erratis,
825 1413 1121 1489 nescientes
1142 1415 1512 1495 Scripturas,
1558 1418 1633 1473 ΕΤ

41 1500 366 1575 Potestatem
393 1466 550 1558 D'ei:
600 1494 1094 1558 informationem
1141 1499 1213 1560 de
1261 1499 1632 1577 Voluntate,

41 1593 102 1653 δε
154 1586 601 1650 meditationem
630 1585 701 1647 de
734 1585 1069 1663 potestate,
1119 1610 1270 1649 nexu
1318 1586 1633 1651 individuo

43 1676 426 1741 commiscens
451 1678 509 1735 δε
535 1674 814 1759 copulans
839 1723 851 1737 .
906 1678 1158 1737 Interim
1188 1677 1381 1739 minus
1407 1676 1630 1740 mirum

41 1766 165 1849 est,
213 1764 251 1826 fi
280 1763 586 1830 Naturalis
639 1763 1419 1849 Philosophiaeincrementa
1466 1766 1632 1829 cohi-

44 1855 167 1920 bita
212 1851 368 1939 lint,
352 1878 365 1891 ·
418 1876 555 1915 cum
605 1852 894 1936 Religio,
942 1874 1069 1938 quae
1109 1854 1433 1940 plurimum
1481 1858 1632 1940 apud

44 1942 275 2007 animos
302 1942 616 2004 hominum
644 1941 871 2026 pollet,
921 1965 1022 2027 per
1044 1945 1456 2029 quorundam
1442 1967 1635 2043 irnpe-

45 2033 244 2096 titiam
273 2034 330 2093 δ(
355 2030 589 2099 zelum
576 2053 874 2094 incautum
902 2030 963 2093 in
1010 2055 1240 2116 partem
1266 2056 1631 2098 contrariam

47 2119 383 2196 transierit,
434 2122 492 2182 &
518 2121 759 2204 abrepta
783 2119 1004 2187 fuerit.

138 2213 272 2277 XC.
321 2209 622 2274 Rursusin
672 2211 1018 2273 moribus&
1069 2208 1350 2274 institutis
1398 2210 1638 2274 Schola-

47 2322 179 2363 rum
207 2347 226 2378 ,
266 2298 737 2362 Academiarum
783 2348 801 2378 ,
869 2299 1279 2383 Collegiorum
1309 2349 1325 2377 ‚
1375 2301 1431 2363 8(
1483 2299 1635 2364 fimi.

48 2387 196 2450 lium
247 2392 672 2452 Conventuum
721 2439 742 2472 ‚
790 2412 916 2473 quae
961 2389 1269 2451 dofstorum
1319 2387 1632 2452 hominum

48 2476 322 2556 sedibu8‚
370 2477 806 2541 &eruditionis
852 2477 1087 2540 culturae
1130 2477 1408 2541 destinata
1478 2480 1633 2577 sunt,

3 2635 6 2636 7
51 2565 252 2629 omnia
279 2565 593 2652 progressui
622 2567 1015 2630 scientiarum
1057 2568 1330 2630 adversa
1320 2569 1634 2631 inveniun-

55 2674 190 2716 tur.
237 2657 567 2720 LeRiones
589 2657 746 2719 enim
774 2661 830 2720 δε
858 2655 1195 2719 Exere-itia
1183 2679 1264 2719 ita
1293 2657 1423 2720 lunt
1449 2658 1635 2754 dispo-

55 2740 202 2820 sita,
247 2767 309 2806 ut
333 2746 488 2810 aliud
514 2771 544 2808 a
570 2746 858 2809 consuetis
897 2747 1048 2809 haud
1073 2745 1245 2809 facile
1269 2746 1541 2829 cuiquam
1569 2767 1634 2807 in

60 2853 320 2894 mentem
368 2836 569 2898 veniat
594 2836 902 2922 cogitare,
952 2856 1050 2897 aut
1093 2834 1524 2916 contemplari.
1574 2832 1637 2894 Si

62 2943 208 2985 vero
250 2945 395 2987 unus
424 2944 524 2988 aut
567 2889 715 2989 alter
737 2922 970 2991 fortaffe
997 2923 1201 3007 judicii
1247 2924 1520 3073 libertatse
1548 2922 1633 2984 uti

926 3018 972 3076 F
1061 3039 1107 3097 4
1498 3036 1550 3075 u-

1994 2063 2131 2132 'a
