2098 3490
556 82 674 160 146
769 47 772 52 ’
953 79 1150 137 VER
1179 71 1627 149 ULAMJt

454 193 698 277 pinquat
725 192 787 252 ad
818 193 1039 272 Corpus
1064 189 1211 250 Solis
1239 189 1382 250 unde
1407 186 1551 248 radii
1579 204 1891 264 emanant,
1918 203 2021 250 nec

455 281 635 341 etiam
685 282 752 339 ad
801 282 1044 339 Terram
1073 328 1093 358 ‚
1141 278 1286 338 unde
1334 273 1709 346 reflectuntur
1753 319 1768 334 .
1819 279 2019 357 Atque

453 369 564 428 hoc
592 368 775 450 liquet
825 389 896 427 ex
921 363 1160 447 fastigiis
1186 364 1488 425 Montium
1516 410 1532 438 ,
1583 358 1734 442 (nisi
1762 359 1866 422 fint
1892 385 2025 445 prae-

454 456 556 515 alti
584 456 605 534 )
658 455 753 515 ubi
783 451 943 514 nives
972 472 1243 532 perpetuo
1267 454 1473 531 duran-t
1501 495 1515 509 .
1563 448 1669 515 Sed
1696 469 1899 508 contra
1925 471 2019 506 no·
2069 517 2075 531 ἱ

455 563 636 602 tatum
688 541 764 601 est
807 540 1200 612 anonnullis‚
1248 535 1488 621 quodin
1537 535 1836 597 cacumine
1860 538 2024 594 Picus
2071 536 2073 538 ’

454 632 521 690 de
543 629 826 710 Tenariph
855 676 870 702 ,
917 647 1090 708 atque
1115 627 1290 687 etiam
1325 626 1384 685 in
1411 624 1604 684 Audis
1629 622 1881 683 Peruviae
1903 669 1919 695 ,
1944 623 2025 703 ip.
2071 689 2074 692 ,

451 717 509 778 sa
555 715 777 800 fastigia
807 714 1108 776 Montium
1135 713 1269 774 nive
1293 711 1561 775 destituta
1588 710 1691 771 sint
1720 735 1741 795 3
1788 708 2023 770 nivibus

456 804 784 884 jacentibus
833 823 1057 862 tantum
1106 800 1341 862 iuferius
1389 800 1445 861 in
1491 797 1715 860 ascensu
1757 846 1771 860 .
1821 800 2024 879 Atque
2070 793 2075 812 ²

452 892 689 973 insuper
716 894 839 950 Aer
888 889 948 950 in
999 886 1118 949 illis
1166 887 1296 971 ipsis
1341 885 1683 947 Vertieibus
1725 885 2025 945 Montium

454 976 904 1060 deprehenditur
955 975 1201 1036 minime
1246 974 1524 1058 frigidm,
1576 973 1666 1034 sed
1694 971 1877 1032 tenuis
1906 993 2025 1030 tan·
2073 1011 2076 1018 =

459 1086 584 1125 tum
633 1068 689 1123 δε
736 1085 917 1143 acer3
970 1063 1112 1120 adeo
1159 1082 1218 1119 ut
1248 1107 1264 1130 ,
1314 1061 1373 1118 in
1421 1060 1660 1137 Audis,
1711 1080 1923 1141 pungat
1971 1061 2029 1116 Sc

458 1150 726 1213 vulneret
750 1146 949 1206 oeulos
989 1166 1089 1227 per
1112 1143 1360 1202 nimiam
1386 1143 1806 1217 acrimoniam,
1854 1164 2025 1228 atque

458 1238 633 1298 etiam
662 1253 938 1319 pungatos
983 1254 1046 1293 os
1071 1228 1384 1291 ventriculi
1413 1275 1430 1304 ‚
1455 1230 1534 1288 ’δε
1559 1227 1795 1289 inducat
1842 1228 2028 1289 vomi-

457 1346 582 1386 tum
611 1374 628 1390 .
679 1331 878 1404 Atque
924 1321 995 1381 ab
1023 1315 1308 1400 Antiquis
1353 1335 1616 1378 notatum
1662 1315 1772 1392 est,
1821 1314 1881 1376 in
1907 1337 2030 1375 ver·
2072 1326 2076 1366 1

461 1412 577 1474 tice
600 1411 824 1492 Olympi
847 1426 1070 1466 tantam
1119 1403 1280 1463 fuisse
1307 1401 1481 1463 Aeris
1528 1402 1918 1479 tenuitatem,
1967 1422 2030 1462 ut
2074 1423 2081 1436 ’

463 1495 680 1560 neceffe
729 1491 1086 1565 foeminis,
1133 1489 1233 1574 qui
1262 1512 1330 1550 eo
1377 1489 1786 1566 ascenderant,
1834 1492 2026 1553 secum

461 1584 687 1647 deferre
733 1579 994 1662 spongias
1018 1599 1180 1638 aceto
1227 1579 1282 1637 δ(
1310 1599 1455 1660 aqua
1503 1578 1887 1656 madefaS’taS,
1938 1600 2030 1638 eas

462 1697 578 1756 que
627 1669 695 1730 ad
719 1690 782 1728 os
831 1669 886 1726 8(
913 1687 1075 1724 nares
1098 1664 1332 1725 subinde
1358 1687 1641 1748 apponere
1669 1688 1690 1749 3
1739 1666 1874 1746 quia
1904 1669 2030 1726 Aer

464 1762 543 1819 ob
591 1754 934 1818 tenuitatem
981 1773 1095 1811 non
1144 1750 1462 1811 sufficiebat
1501 1750 1905 1834 respirationi.
1962 1755 2032 1810 In

467 1867 584 1929 quo
610 1841 847 1904 Vertice
897 1839 1073 1901 etiam
1103 1837 1346 1900 relatum
1397 1838 1474 1898 est
1497 1843 1720 1900 tantam
1766 1837 1929 1900 fuiffe
1956 1837 2076 1898 se-7·

471 1932 781 1995 renitatem
808 1932 864 1989 St
912 1925 1404 2011 tranquillitatem
1431 1949 1459 1987 a
1487 1924 1702 2007 pluviis
1729 1973 1745 1998 ‚
1792 1927 1850 1986 &
1876 1924 2031 1986 nivi-
2093 1992 2098 2004 ⁴

471 2022 575 2081 bus
621 2070 641 2099 a
689 2021 746 2079 8<
791 2015 983 2077 ventis
1026 2064 1042 2090 ,
1092 2034 1153 2075 ut
1196 2012 1667 2074 Sacrificantibus
1715 2012 1892 2073 literae
1937 2011 2031 2072 de·

471 2108 695 2189 scriptae
742 2104 927 2187 digito
953 2102 1010 2163 in
1059 2100 1346 2163 cineribus
1392 2099 1822 2162 Sacrificiorum
1872 2100 2032 2180 super
2093 2098 2098 2108 ¹

473 2195 815 2271 aramJovis
839 2242 853 2267 ‚
904 2211 1203 2251 manerent
1230 2188 1288 2248 in
1313 2209 1526 2248 annum
1552 2187 1887 2270 proximum
1915 2187 2031 2247 abs-

475 2305 581 2366 que
630 2281 743 2341 ulla
769 2278 1200 2362 perturbatione
1226 2327 1242 2341 .
1290 2280 1492 2357 Atque
1518 2275 1695 2335 etiam
1743 2274 1914 2334 hodie
1953 2274 2031 2333 as-

475 2369 778 2428 cendentes
825 2372 892 2429 ad
937 2366 1218 2426 verticem
1262 2363 1424 2422 Picus
1468 2363 1533 2420 de
1576 2361 1856 2442 Tenariph
1895 2408 1912 2434 ‚
1960 2382 2032 2420 eo

471 2458 695 2517 vadunt
743 2456 917 2520 noun
944 2456 998 2513 8<
1047 2448 1481 2534 noninterdiu;
1530 2450 1585 2508 δε
1611 2447 1781 2530 paulo
1805 2447 1924 2526 post
1946 2469 2034 2507 or·

476 2564 604 2602 tum
650 2541 796 2599 Solis
848 2562 1156 2601 monentur
1203 2542 1260 2599 8<
1303 2536 1635 2596 excitantur
1680 2558 1712 2595 a
1772 2535 2032 2595 Ducibus

476 2628 630 2704 suiS,
678 2648 738 2687 ut
781 2627 1050 2689 festinent
1094 2627 1429 2690 descendere
1470 2672 1485 2699 ‚
1534 2642 1771 2706 propter
1815 2621 2034 2704 pericu·

480 2717 602 2776 lum
654 2718 761 2797 (ut
787 2715 1062 2793 videtur)
1113 2711 1448 2778 atenuitate
1468 2710 1689 2787 Aeri5‚
1736 2732 1805 2771 ne
1850 2708 2033 2770 solvat

483 2802 713 2886 spiritus
760 2804 816 2864 δε
863 2802 1139 2866 suffocet.

1855 2879 1960 2940 Ad
