2131 3573
375 124 748 186 NOVUM
803 125 1383 190 ORGANUM.
1479 143 1604 211 133

114 235 396 304 venitur.
443 234 683 299 Etenim
736 233 1148 299 exhalationes
1196 262 1271 300 ex
1317 235 1586 317 Oleosm,
1635 240 1702 301 li-

109 349 204 390 eet
229 325 404 390 facile
451 322 950 407 inflammabiles‚
1001 347 1196 388 tamen
1226 349 1339 387 non
1390 326 1702 389 inveniun-

109 437 205 479 tur
254 415 490 489 calidae‚
539 410 703 474 nifia
754 435 1005 496 corpore
1052 414 1246 478 calido
1294 432 1559 478 'recenter
1603 439 1701 479 ex·-

111 503 482 568 halaverint-.

349 715 354 718 ·
416 676 528 740 Ad
567 677 877 757 decimam,
923 680 1140 742 decima
1180 683 1381 763 sexta.

198 851 492 917 Similiter
515 856 666 919 Aeri
716 854 823 942 ipsi
866 855 1126 920 ferventi
1180 854 1551 939 subiungitur
1593 859 1704 917 Ne-

104 944 315 1030 gativa
361 965 577 1007 naturae
603 947 780 1008 Aeris
826 946 1040 1030 ipsius.
1094 950 1310 1030 Neque
1335 948 1493 1009 enim
1544 943 1704 1006 inve-

107 1054 270 1095 nitur
293 1034 443 1118 apud
491 1055 595 1095 nos
622 1037 746 1096 Aer
769 1037 1037 1117 calidus,
1088 1035 1396 1097 nifisuerit
1445 1055 1545 1096 aut
1571 1055 1706 1094 con-

99 1122 338 1198 ὃυΐυε,
386 1143 485 1183 aut
509 1121 791 1196 attrituS‚
841 1144 938 1184 aut
966 1123 1271 1183 manifeste
1321 1121 1634 1184 calefastus
1672 1142 1705 1182 a

113 1209 292 1286 Sole,
340 1216 524 1292 Igne,
572 1230 670 1269 aut
695 1209 899 1293 aliquo
947 1208 1070 1271 alio
1097 1232 1339 1294 corpore
1387 1208 1619 1275 calido,

337 1381 448 1444 Ad
487 1383 902 1458 undecimam,
947 1382 1165 1445 decima
1201 1384 1485 1465 septima.

202 1556 586 1640 subiungitur
628 1558 926 1642 Negativa
957 1558 1421 1659 Tempestatum
1471 1550 1712 1644 frigida-

115 1665 244 1711 rum
294 1648 680 1730 magisquam
731 1671 836 1731 pro
861 1645 1092 1710 ratione
1140 1649 1429 1732 temporis
1470 1647 1640 1711 Anni
1689 1695 1709 1725 ‚

113 1759 243 1820 quae
290 1733 571 1797 eveniunt
616 1738 766 1820 apud
814 1761 920 1800 nos
958 1735 1134 1799 flante
1159 1741 1319 1799 Euro
1368 1741 1423 1798 ὃς
1452 1740 1639 1800 Borea
1698 1761 1713 1800 z

25 1905 29 1909 “
120 1824 626 1909 quemadmodum
678 1827 737 1884 δε
786 1825 1097 1888 contrariae
1149 1827 1518 1911 tempestates
1587 1849 1717 1888 eve·

120 1912 292 1975 niunt
341 1909 519 1972 flante
545 1911 764 1973 Austro
814 1916 871 1974 ἃ
920 1915 1240 1998 Zephyro,
1292 1915 1492 1977 Etiam
1543 1914 1718 1977 incli-

120 2000 286 2064 natio
332 2001 401 2062 ad
431 1999 688 2083 pluviam
745 2002 1110 2086 (praesertim
1154 2003 1526 2088 temporibus
1572 2004 1714 2084 hye-

127 2088 428 2168 malibus)
481 2088 802 2151 comitatur
842 2092 1247 2175 tempestatem
1296 2093 1601 2176 tepidam:
1651 2113 1711 2154 at

123 2178 280 2240 Gelu
326 2198 575 2253 contra,
622 2176 942 2263 frigidam.

347 2357 457 2416 Ad
506 2356 887 2419 duodecimam
939 2405 955 2436 ‚
1001 2357 1212 2421 decima
1257 2358 1498 2421 offla-va.

216 2530 602 2620 subiungitur
645 2537 940 2620 Negativa
983 2535 1166 2599 Aeris
1212 2535 1466 2600 conclufi
1511 2535 1572 2598 in
1621 2555 1717 2595 ca-

135 2621 330 2684 vernis
370 2644 632 2705 tempore
679 2626 879 2689 aestivo
921 2671 939 2689 .
986 2628 1076 2687 At
1121 2627 1190 2689 de
1233 2631 1395 2690 Aere
1443 2622 1719 2687 concluso

135 2709 384 2773 omnino
430 2711 774 2801 diligentius
802 2713 1256 2799 inquirendum.
1311 2714 1514 2778 Primo
1554 2710 1718 2774 enirn

136 2820 257 2861 non
306 2799 518 2884 absque
542 2805 705 2869 causa
755 2805 816 2867 in
842 2804 1275 2868 dubitationem
1324 2802 1537 2885 venit,
1582 2821 1719 2884 qua-

132 2886 208 2949 lis
252 2886 318 2949 fit
365 2910 568 2956 natura·
610 2894 832 2973 AeriS,
880 2913 1162 2980 quatenus
1208 2896 1279 2958 ad
1322 2889 1601 3041 Calidt÷m
1653 2889 1714 2950 δε

1558 2996 1630 3038 ri-
