2131 3573
338 112 700 187 Naturalem,
723 112 797 170 (9·
820 104 1329 195 Εκρενίηιεηεαῖεω
1360 159 1374 174 ,
1473 126 1592 193 333

69 252 148 297 cae
172 232 404 305 Protei,
454 251 570 317 que
623 227 868 293 ultimos
897 226 1152 305 Materie
1180 227 1381 288 Nixus
1408 226 1463 285 δε
1493 228 1689 285 Cona⁴

67 343 159 384 tus
201 320 458 405 produnt
483 368 497 381 .
546 322 817 402 Corpora
843 317 1004 379 enirn
1056 315 1215 401 perdi
1244 336 1343 377 aut
1371 312 1694 376 annihilari

65 411 277 473 nolunt
304 434 327 497 3
377 410 472 473 sed
496 407 696 496 potius
745 406 805 468 in
833 406 1025 470 varias
1050 411 1303 469 Formas
1353 405 1406 467 fe
1432 423 1695 471 mutant.

65 504 278 585 Itaque
326 498 486 562 circa
532 498 684 562 hanc
733 496 1069 561 Historiam
1118 544 1137 574 ‚
1190 493 1329 557 licet
1379 493 1694 558 Mechani..

14 587 199 694 {cam
253 592 364 672 (ut
412 586 603 650 videri
657 590 888 674 potest)
941 588 998 649 &
1051 585 1245 648 minus
1295 581 1643 647 Liberalem
1673 633 1692 660 ,

20 728 24 731 .
69 678 288 757 (miffa
332 677 668 764 arrogantia
716 676 996 758 &fastu)
1043 675 1204 739 suma
1228 674 1307 738 est
1355 672 1690 737 adhibenda

15 764 28 831 Ξ
64 766 384 852 diligenda
409 814 423 829 .

155 855 372 920 Rursus
419 904 440 935 ‚
485 859 644 922 inter
693 862 872 922 Artes
923 854 1306 941 praeferuntur
1354 872 1433 919 eae
1484 902 1500 930 ,
1561 872 1694 938 quat

17 949 335 1030 ICorpora
384 950 703 1013 Naturalia
751 953 808 1010 8<
857 950 1080 1009 Rerum
1126 943 1474 1008 Materialia
1524 943 1695 1004 exhi·

21 1074 28 1093 ι
60 1036 203 1096 bent
230 1085 246 1110 ,
295 1036 551 1098 alterant
575 1085 594 1111 ,
643 1041 703 1096 &
731 1058 1059 1117 praeparant
1088 1060 1108 1116 3
1160 1058 1222 1094 ut
1250 1031 1640 1116 Agricultura
1670 1055 1692 1115 3

11 1123 29 1184 ἶ
58 1120 431 1205 Coquinaria
459 1146 482 1208 3
507 1122 811 1202 Chymica
842 1121 1214 1206 3Tinfstoria
1243 1145 1264 1207 3
1290 1118 1555 1205 Opificia
1583 1118 1691 1181 Vi-

15 1214 22 1242 ·'
59 1210 142 1272 tri
171 1259 187 1284 ‚
216 1209 491 1273 Esmaltae
517 1261 535 1289 ,
559 1211 841 1274 Sacchari
868 1259 884 1288 ‚
917 1210 1190 1278 Pulveris
1219 1209 1414 1294 Pyrii,
1444 1205 1685 1292 Ignium

14 1297 501 1363 nArtificialium
530 1351 546 1378 ‚
600 1299 818 1385 Papyri
847 1349 865 1377 ‚
915 1302 974 1362 &
1005 1299 1386 1383 hujusmodi.
1417 1297 1687 1382 Jejunio·

13 1382 142 1475 §ris
165 1407 364 1447 autem
390 1387 519 1443 sunt
549 1390 677 1446 usus
704 1436 719 1458 ,
769 1411 899 1472 quae
945 1389 1238 1468 praecipue
1287 1387 1602 1452 confistunt
1629 1385 1692 1449 in

4 1535 6 1537 ,
54 1477 253 1544 Motu
300 1469 504 1534 subtili
556 1471 920 1545 Mannum,
969 1473 1030 1529 δε
1080 1469 1616 1535 Instrumentorum
1665 1501 1692 1560 3

56 1564 263 1648 quales
284 1560 417 1623 sunt
442 1557 741 1622 Textoria
771 1581 793 1642 3
844 1556 1108 1619 Fabrilis
1136 1609 1152 1629 ,
1207 1559 1639 1624 Architeelura
1668 1586 1694 1648 3

63 1649 337 1738 Opificia
385 1648 931 1723 Molendinorum,
980 1646 1459 1732 Horologiorurn
1491 1699 1507 1726 ‚
1556 1675 1696 1714 cum

55 1740 353 1806 fimilibus
380 1764 403 1829 3
450 1738 629 1803 Licet
678 1740 736 1799 &
786 1735 903 1799 istae
933 1736 1097 1797 nullo
1123 1742 1301 1801 modo
1328 1738 1694 1826 negligendae.

60 1831 179 1894 fine
204 1880 223 1910 ‚
271 1852 399 1893 tum
423 1826 562 1914 quia
594 1827 656 1889 in
682 1824 804 1889 illis
847 1846 1170 1890 occurrunt
1196 1828 1381 1891 multa
1408 1880 1423 1906 ,
1473 1854 1600 1913 quae
1626 1833 1699 1896 ad

64 1925 413 2006 Corporum
464 1915 849 1983 Naturalium
897 1915 1308 1982 Alteratione's
1354 1919 1619 2003 spefilant
1669 1939 1693 2007 3

68 2031 198 2074 turn
225 2009 366 2095 quia
391 2029 662 2073 accurate
690 2004 1021 2069 informant
1047 2009 1115 2072 de
1143 2010 1326 2072 Motu
1349 2008 1633 2073 Lationis
1668 2037 1691 2097 3

65 2124 197 2188 quae
224 2123 313 2162 res
340 2098 418 2162 est
443 2099 642 2186 magni
672 2097 897 2183 prorsus
944 2098 1014 2160 ad
1041 2097 1299 2182 plurima
1349 2099 1641 2161 momenti
1672 2152 1689 2167 .

159 2194 388 2253 Verum
434 2188 499 2256 in
563 2186 864 2274 Congerie
913 2186 1182 2252 universa
1245 2186 1410 2252 istius
1448 2189 1694 2253 Artium

67 2279 367 2358 Historiae,
415 2278 562 2343 illud
608 2279 860 2343 omnino
911 2279 1275 2341 monendum
1319 2278 1442 2355 est,
1493 2281 1550 2341 δε
1596 2303 1693 2364 pe-

66 2367 232 2433 nitus
281 2368 586 2433 memoriae
655 2369 1049 2432 mandandum
1102 2393 1122 2454 3
1191 2368 1530 2454 recipienda
1575 2367 1690 2431 effe

69 2460 506 2544 Experimenta
547 2460 843 2538 Artium,
890 2481 1011 2523 non
1058 2458 1245 2521 solum
1295 2481 1361 2521 ea
1407 2480 1536 2544 quae
1584 2459 1686 2519 du-

73 2570 217 2612 cunt
242 2550 313 2613 ad
359 2549 543 2616 finem
569 2548 742 2614 Artis
768 2599 784 2627 ,
833 2548 927 2612 sed
954 2548 1134 2612 etiam
1184 2572 1311 2633 quae
1335 2547 1458 2611 ullo
1506 2548 1686 2608 modo

72 2636 489 2703 interveniunt
515 2689 529 2705 .
556 2638 839 2725 Exempli
866 2637 1082 2725 gratia,
1106 2640 1264 2724 quod
1288 2635 1682 2712 Locustae,aur

75 2728 326 2808 Cancri,
352 2729 544 2813 coeli,
568 2754 704 2795 curn
729 2729 887 2817 prius
909 2727 1199 2793 Colorem
1223 2728 1332 2791 luti
1361 2724 1641 2789 referrent
1666 2771 1684 2801 ,

76 2817 430 2896 rubescant,
478 2818 631 2884 nihil
656 2820 728 2885 ad
775 2818 1034 2883 mensam
1085 2844 1104 2888 :
1151 2818 1246 2882 sed
1272 2817 1391 2879 haec
1440 2814 1561 2900 ipsa
1587 2818 1687 2879 In-

78 2903 288 2972 stantia
335 2926 679 2977 tamennon
729 2908 883 2976 mala
906 2909 984 2989 es}
1031 2906 1543 2996 adinquirendam
1592 2927 1699 2967 na-.

631 3015 634 3017 ’
1099 3000 1150 3060 Ζ
1511 3018 1598 3063 tu.
