2131 3573
315 158 685 222 NOVUM
744 159 1327 227 ORGANUM.
1493 181 1634 243 93·

177 277 373 341 XCV.
419 270 543 352 Qui
592 269 989 332 trassavemnt
1034 272 1363 348 Scientia8‚
1413 296 1507 334 aut
1535 280 1673 335 Em-

83 365 305 451 pirici,
351 382 448 425 aut
478 359 825 445 Dogmatici
847 360 1124 426 fuerunt.
1176 360 1511 444 Empirici,
1558 361 1673 423 for-

82 478 256 516 micae
303 473 505 526 more,
554 471 878 533 congerunt
922 471 1152 513 tantum
1193 499 1209 528 ‚
1261 452 1320 512 ὅ(
1365 470 1609 513 utuntur
1657 473 1674 510 ε

91 541 481 616 RationaleS,
530 561 870 600 aranearum
902 562 1105 616 more,
1155 540 1302 601 telas
1344 539 1500 601 exse
1544 561 1678 599 con-

88 632 334 693 ficiunt:
386 627 538 711 Apis
565 650 709 691 vero
759 628 911 690 ratio
955 590 1147 691 media
1174 629 1292 701 est,
1340 651 1466 713 quaa
1507 647 1683 687 mate.

89 723 238 782 riam
263 741 337 780 ex
384 714 632 780 fioribus
656 716 808 778 horti
862 721 918 779 δε
948 720 1068 802 agri
1100 718 1312 805 elicit
1295 741 1310 755 ·
1362 717 1456 778 sed
1482 737 1685 777 tamen

89 830 216 871 eam
265 808 504 890 propria
551 806 836 870 facultate
880 807 1064 870 vertit
1115 810 1173 868 δε
1211 775 1429 890 dig³erit
1478 855 1491 868 .
1568 807 1690 864 Ne-

89 919 201 983 que
228 895 494 959 absimile
523 894 917 979 Philosophiae
966 919 1175 957 verum
1200 894 1511 981 opificium
1559 892 1693 979 estg

90 987 242 1072 quod
292 1008 400 1050 nec
426 986 653 1048 Mentis
706 985 933 1048 viribus
979 1007 1209 1047 tantum
1261 1005 1359 1047 aut
1407 982 1692 1067 praecipue

94 1075 352 1152 nititur,
401 1098 685 1160 nequeex
735 1074 1001 1137 Historia
1027 1074 1308 1137 Naturali
1359 1076 1414 1135 8(-
1444 1071 1696 1134 Mecha-

95 1165 246 1227 nicis
268 1164 712 1246 Experimentis
736 1163 1046 1244 praebitam
1074 1163 1426 1238 materiam,
1476 1161 1537 1222 in
1566 1163 1699 1221 Me-

99 1252 655 1334 moriaintegram‚
704 1249 796 1311 sed
843 1250 902 1309 in
929 1250 1244 1312 Intellefi‘tu
1295 1270 1582 1311 mutatam
1633 1251 1695 1309 ὅτ.

102 1339 406 1403 subditam
451 1337 689 1418 reponit
734 1387 751 1402 .
824 1341 1035 1419 Itaque
1080 1361 1150 1398 ex
1200 1338 1406 1399 harum
1451 1335 1698 1398 faculta-

101 1449 231 1490 tum
282 1423 836 1506 (Experimentalis
881 1423 1154 1497 scilicet,
1206 1428 1265 1482 &
1317 1424 1698 1503 Rationalis)

105 1511 357 1577 arEliore
402 1513 461 1572 &
512 1509 805 1571 sanaiore
852 1508 1072 1569 foedere
1123 1510 1327 1594 (quod
1375 1509 1562 1572 adhuc
1612 1511 1700 1572 fa-

105 1604 268 1668 stum
293 1621 410 1661 non
459 1599 581 1678 est)
636 1601 781 1660 bene
807 1597 1149 1680 sperandum
1198 1598 1317 1660 est.

193 1692 419 1752 XGVI.
472 1687 782 1751 Naturalis
813 1686 1190 1769 Philosophia
1241 1688 1430 1751 adhuc
1454 1688 1699 1767 syncera

105 1801 222 1842 non
247 1776 552 1840 invenitur
579 1827 596 1855 ,
644 1777 735 1840 sed
763 1775 985 1838 infesta
1014 1780 1067 1837 &
1096 1799 1370 1859 corrupta
1401 1802 1413 1840 :
1468 1783 1536 1838 ln
1563 1782 1708 1838 Ari..

97 1868 313 1946 stotelis
338 1866 576 1942 schola,
625 1889 726 1948 per
750 1866 1089 1951 Logicam·
1140 1866 1201 1929 in
1241 1871 1347 1928 Pla
1356 1871 1498 1927 tonis
1548 1867 1707 1928 scho-

111 1959 165 2019 la
216 2005 232 2032 ,
281 1978 381 2039 per
430 1953 828 2039 Theologiam
882 1957 1205 2016 naturalem
1265 1980 1279 1993 ·
1353 1955 1413 2018 in
1462 1956 1710 2018 secunda

113 2044 311 2109 schola
362 2045 657 2119 Platonis,
705 2043 930 2118 Procli,
982 2045 1038 2104 8<
1085 2014 1382 2121 alioru'm,
1432 2067 1528 2128 per
1578 2048 1711 2107 Ma-

116 2132 500 2198 thematicam
530 2156 551 2220 3
598 2156 723 2217 quae
755 2131 1199 2215 Philosophiam
1247 2133 1576 2198 naturalem
1605 2157 1712 2196 ter-

118 2223 391 2304 minare,
441 2245 558 2283 non
584 2245 863 2306 generare
888 2242 983 2283 aut
1026 2245 1335 2305 procreare
1358 2223 1530 2284 debet
1559 2272 1572 2288 .
1631 2227 1713 2284 At

121 2333 196 2375 ex
246 2309 624 2395 Philosophia
674 2310 924 2374 naturali
978 2335 1118 2397 pura
1167 2313 1224 2372 &
1277 2311 1641 2396 impermista
1688 2361 1701 2386 ,

123 2400 373 2464 meliora
420 2400 693 2485 speranda
735 2401 870 2464 -sunt
899 2453 915 2468 .

212 2493 476 2557 XCVII.
529 2493 730 2553 Nemo
754 2492 941 2552 adhuc
989 2510 1152 2552 tanta
1182 2489 1395 2552 mentis
1443 2489 1707 2553 constan·

129 2578 293 2640 tia&
342 2578 836 2662 rigoreinventus
861 2579 980 2654 est,
1031 2601 1097 2641 ut
1124 2579 1455 2642 decreverit
1502 2583 1561 2642 δε
1610 2576 1748 2639 fibi*

130 2665 530 2751 imposuerit,
578 2670 871 2732 Theorias
916 2628 1003 2731 &’
1021 2670 1321 2732 Notiones
1365 2689 1717 2732 communes
1780 2692 1781 2697 ¹

130 2754 359 2840 penitus
383 2757 647 2834 abolere,
704 2762 761 2821 &
792 2757 1166 2821 Intellefi'tum
1195 2757 1462 2821 abrasum
1490 2760 1547 2819 &
1575 2778 1723 2841 aequ-

133 2867 236 2906 um
261 2845 330 2905 ad
377 2845 751 2926 particularia
774 2848 882 2911 de'
870 2867 1099 2932 integro
1124 2848 1457 2935 applicare.
1514 2852 1721 2930 ltaque

139 2930 324 2996 Ratio
349 2931 449 2996 illa
497 2933 751 3000 humana
778 2960 955 3023 quam
981 2936 1300 3016 habemuS,
1349 2959 1424 3001 ex
1450 2934 1567 2999 mul
1577 2956 1632 2995 ta
1662 2930 1729 2993 fi.

1535 3024 1639 3102 de,
