2131 3573
376 91 746 154 NOVUM
801 93 1380 156 ORGANUM.
1479 97 1602 179 183

99 195 389 283 saevimus
412 253 426 268 .
478 202 843 290 Pet-gendum
871 203 1066 289 itaque
1095 206 1172 266 est
1197 206 1266 266 ad
1295 206 1692 271 Vindemiatio-

97 321 218 361 nem
266 296 446 380 ipsam
485 296 726 378 primam
776 293 845 356 de
873 298 1087 356 Forma
1114 292 1353 357 Calidi.
1409 296 1516 357 Per
1563 301 1695 360 uni.

96 387 302 457 versas
347 388 403 447 &
431 380 677 465 singulas
700 382 1044 459 Instantias,
1097 386 1367 458 Natura,
1417 386 1578 467 cujus
1625 387 1691 447 li.

92 474 336 538 mitatio
360 471 440 534 est
460 471 691 552 calor,
743 470 980 534 videtur
1006 471 1115 535 effe
1145 474 1388 537 Motus,
1437 475 1572 535 Hoc
1600 499 1700 536 au-

91 584 212 626 tem
242 558 498 625 maxime
524 559 908 622 ostenditur
892 585 954 622 m
985 562 1295 636 flamma,
1344 583 1470 643 quae
1502 584 1693 645 perpe-

90 673 199 715 tuo
225 671 419 723 movet
426 668 543 734 urg
592 648 736 709 &in
764 649 1131 735 Liquoxibus
1179 649 1546 713 ferventibus
1593 674 1692 712 aut

93 736 476 804 bullientibus
521 784 540 814 ,
609 737 706 822 qui
755 739 937 806 etiam
985 761 1265 822 perpetuo
1313 760 1629 800 moventur
1675 792 1693 805 .

90 835 299 913 Atque
345 826 672 888 ostenditur
740 827 923 889 etiam
975 830 1035 890 in
1087 827 1694 890 1nc1tat1ones1ve1n

93 938 393 981 cremento
419 914 655 979 Caioris
701 915 862 980 ἷειᾶο
888 940 988 1002 per
1037 940 1267 979 motum
1295 966 1316 994 ,
1364 940 1423 978 ut
1473 916 1530 979 in
1561 917 1699 978 Fol-

0 1058 5 1094 5
92 1005 287 1082 libus,
335 1005 615 1068 &ventis
665 1031 682 1075 ;
733 1008 947 1091 dequo
996 1008 1132 1069 vide
1157 1007 1696 1091 Instant.29.Tab.

89 1117 150 1179 3.
176 1100 378 1176 Atque
406 1094 676 1156 fimiliter
703 1094 760 1154 in
802 1095 933 1156 aliis
962 1100 1153 1157 modis
1181 1098 1389 1155 Motus
1414 1144 1430 1170 ‚
1480 1097 1549 1155 de
1571 1095 1700 1179 qui-

0 1233 1 1242 ,
90 1187 196 1244 bus
245 1183 379 1243 vide
406 1182 643 1255 Instant.
671 1187 775 1246 28.
827 1186 882 1243 ἃ
920 1205 1038 1266 31.
1089 1187 1320 1267 Tab.3.
1374 1183 1595 1245 Rursus
1635 1207 1698 1244 o-

84 1270 370 1334 stenditur
398 1271 453 1330 in
481 1270 855 1332 extinf’cione
887 1270 1046 1353 Ignis
1095 1274 1151 1333 ὃ(
1180 1271 1418 1332 Caloris
1445 1296 1544 1358 per
1564 1295 1696 1334 orn-

84 1383 222 1423 nem
273 1359 487 1420 fortem
519 1358 1005 1439 compreffionem
1037 1406 1054 1430 ,
1105 1375 1214 1438 qua
1242 1358 1445 1420 fraenat
1494 1365 1550 1422 δε
1579 1361 1698 1424 ces-

85 1449 208 1513 sare
256 1446 399 1508 facit
429 1449 739 1506 Motum:
791 1445 860 1506 de
887 1467 999 1526 qua
1053 1442 1186 1505 vide
1214 1448 1448 1518 Instant.
1478 1469 1584 1529 30
1636 1453 1695 1509 ὃς

89 1560 193 1623 32.
220 1540 362 1597 Tab.
389 1555 450 1618 3.
477 1532 825 1595 Ostenditur
850 1536 1031 1594 etiam
1086 1532 1144 1593 In
1173 1532 1334 1617 hoe,
1383 1540 1539 1620 quod
1566 1558 1697 1596 om-

87 1651 162 1689 ne
210 1646 419 1707 corpus
444 1623 756 1684 destruitur
804 1643 900 1684 aut
949 1622 1148 1683 saltem
1202 1622 1510 1707 insigniter
1553 1625 1700 1686 alte-

85 1735 247 1777 ratur
270 1715 343 1775 ab
390 1711 555 1774 omni
590 1717 731 1799 Igne
779 1715 838 1774 8<
864 1710 1078 1774 Calore
1126 1708 1263 1772 forti
1292 1735 1356 1774 ac
1385 1713 1701 1777 vehemen-

39 1867 43 1870 ,
88 1803 178 1866 ti.
228 1803 405 1865 Unde
431 1801 662 1885 lxquxdo
687 1801 957 1877 constat,
1008 1798 1131 1860 fieri
1162 1802 1434 1865 aCalore
1483 1802 1698 1865 tumul-

86 1915 217 1955 tum
268 1895 325 1953 8<
354 1887 908 1974 perturbationem,
956 1891 1016 1951 ὅ(
1062 1910 1290 1953 motum
1341 1915 1539 1956 acrem
1569 1941 1586 1968 ‚
1635 1890 1700 1954 in

88 1979 355 2066 partibus
405 1977 657 2041 internis
681 1977 967 2064 Corporis
1014 2002 1037 2064 3
1099 1981 1201 2064 qui
1249 1979 1455 2045 senfim
1505 1984 1699 2066 vergie

90 2070 162 2132 ad
210 2067 652 2131 dissolutionem
679 2115 695 2130 .

180 2157 562 2242 Intelligatur
627 2155 743 2220 hoc
808 2157 964 2242 quod
1009 2155 1273 2220 diximus
1336 2159 1407 2222 de
1453 2162 1639 2223 Motu'
1681 2208 1702 2238 ,

85 2247 356 2331 (nempe
381 2296 398 2323 ‚
448 2270 511 2309 ut
538 2246 602 2308 fit
623 2249 799 2310 instar
823 2247 1078 2309 Generis
1104 2247 1172 2310 ad
1202 2247 1534 2328 Calorem)
1578 2273 1698 2310 non

88 2337 250 2421 quod
295 2336 481 2399 Calor
522 2360 773 2421 generet
809 2339 1055 2398 Motum
1084 2385 1100 2412 ,
1149 2357 1246 2399 aut
1293 2339 1449 2420 quod
1491 2342 1702 2401 Motus

90 2445 332 2510 generet
357 2426 694 2514 Calorem·
745 2426 932 2506 (hcet
957 2429 1017 2488 &
1046 2426 1205 2489 haec
1191 2449 1250 2487 m
1275 2427 1578 2512 aliquibus
1603 2453 1702 2487 ve-

93 2537 157 2574 ra
196 2513 356 2594 fint)
406 2515 500 2578 sed
547 2518 705 2601 quod
749 2514 1054 2598 ipfiffimus
1100 2515 1325 2592 Calor,
1377 2516 1493 2578 five
1538 2525 1631 2597 Q
1641 2519 1703 2576 :d

95 2603 275 2685 ipsum
318 2603 632 2683 Caloris,
635 2605 715 2667 fit
763 2608 1012 2682 MotuS,
1064 2608 1119 2666 ὃ(
1158 2603 1312 2667 nihil
1360 2605 1578 2668 aliud:
1632 2605 1705 2665 li-

94 2689 342 2754 mitatus
366 2713 566 2757 tamen
616 2718 719 2780 per
743 2695 1150 2778 Βὶᾒῶνεητὶας,
1196 2717 1338 2779 quas
1380 2719 1524 2757 mox
1574 2693 1702 2756 sub-

95 2782 446 2878 jungemus,
494 2783 798 2869 postquam
844 2783 1158 2849 nonnullas
1204 2785 1509 2848 cautiones
1553 2783 1645 2847 adi
1633 2806 1708 2845 ἐ-

101 2871 362 2934 terimus
385 2871 455 2935 ad
480 2873 822 2938 evitandum
873 2874 1274 2955 AEquivocum
1310 2924 1327 2941 .

935 2966 1007 3025 M
1099 2987 1145 3046 4
1498 2965 1616 3025 Ca·
