2098 3490
468 114 588 175 282
858 100 1490 163 VERULAMH

381 222 492 283 tius
539 210 745 281 debere
771 237 859 276 eas
915 213 973 273 in
1000 233 1259 294 tempore
1307 211 1505 294 aliquo
1551 204 1799 269 notabili
1845 208 1939 271 de-

379 309 537 370 labi.
590 310 807 365 Verum
858 301 956 362 illa
986 298 1294 361 Dubitatio
1343 297 1572 381 (quoad
1619 297 1802 377 majus
1843 296 1943 357 ali-

383 397 537 480 quod
587 390 955 454 intervallum
984 386 1299 470 Temporis
1344 383 1495 447 inter
1540 387 1801 466 Tempus
1851 406 1942 443 ve-

387 506 516 545 rum
565 485 619 542 8<
649 478 898 554 Visum)
951 477 1138 558 postea
1164 475 1329 557 plane
1354 471 1635 556 evanuit3
1685 490 1944 552 reputan-

388 571 544 633 tibus
591 568 756 628 nobis
788 566 1064 645 jaffturam
1115 562 1278 623 illam
1308 560 1598 622 infinitam
1627 607 1642 634 ‚
1690 561 1746 620 δε
1772 557 1948 619 dimi-

389 658 691 720 nutionem
722 653 944 730 Quanti
973 700 988 726 ,
1036 671 1319 734 quatenus
1345 650 1412 710 ad
1437 645 1832 732 apparentiam
1862 643 1949 704 in-

389 768 479 808 ter
505 748 732 824 Corpus
758 740 945 801 Stellae
971 743 1188 799 Verum
1215 763 1239 820 ‚⁷
1285 735 1629 818 &Speciem
1681 732 1883 797 Visam
1934 779 1951 808 ‚

393 855 520 916 quae
568 830 879 890 causatura
927 825 1245 910 distantia3
1293 828 1493 908 Atque
1540 821 1707 883 fimul
1755 841 1954 882 notan-

394 922 548 981 tibus
593 918 660 978 ad
709 936 980 998 quantam
1012 913 1363 973 Distantiam
1413 910 1754 994 (sexaginta
1805 906 1957 968 scili·

396 1028 485 1068 cet
532 1006 599 1081 acl
647 1003 961 1063 minimum
1013 998 1467 1076 milliariorum)
1514 1002 1776 1080 Corpore¹
1807 1043 1821 1068 ‚
1870 1017 1956 1053 eat

397 1116 508 1176 que
554 1108 780 1148 tantum
826 1083 1172 1143 Albicantia
1221 1128 1240 1154 ,
1287 1082 1477 1139 subito
1522 1083 1619 1139 hic
1663 1084 1806 1160 apud
1862 1103 1962 1140 nos

401 1195 757 1255 cernantur3
806 1190 938 1231 cum
963 1167 1204 1228 dubium
1254 1187 1367 1225 non
1414 1164 1520 1239 fit,
1567 1168 1798 1227 Lucem
1827 1171 1965 1224 Coe·

401 1265 670 1332 leffium,
719 1281 832 1319 non
880 1277 1109 1317 tantum
1139 1252 1462 1314 Albedinis·
1494 1251 1757 1313 vividum
1811 1241 1973 1310 {olo-

404 1377 569 1426 rem,
624 1369 819 1408 verum
848 1344 1028 1406 etiam
1075 1340 1268 1401 omnis
1295 1339 1573 1400 Flammae
1624 1343 1796 1423 (quae
1821 1339 1972 1420 apud

407 1463 511 1503 nos
557 1455 689 1496 nota
739 1433 861 1506 est)
911 1434 1131 1491 Lucem
1162 1475 1177 1502 ‚
1226 1428 1418 1508 quoad
1469 1426 1728 1509 vigorem
1782 1427 1967 1487 radia-

410 1523 629 1596 tionis,
684 1519 878 1580 multis
927 1515 1186 1598 partibus
1234 1513 1557 1596 excedere3
1609 1514 1806 1575 Etiam
1856 1514 1966 1573 im-

414 1610 602 1674 mensa
654 1607 751 1668 illa
812 1601 1110 1663 Velocitas
1158 1601 1218 1660 in
1282 1600 1402 1683 ipso
1451 1605 1714 1682 Corpore
1758 1597 1781 1676 '‚
1849 1623 1974 1683 qua».

416 1698 667 1761 cernitur
717 1694 772 1752 in
821 1693 999 1753 Motu
1049 1689 1317 1763 Diurno,
1370 1691 1540 1771 (quae
1590 1688 1766 1748 etiam
1817 1689 1974 1747 viros

418 1807 616 1870 graves
666 1783 742 1842 ita
808 1774 1186 1855 obstupefecit
1233 1823 1249 1849 ‚
1326 1796 1388 1834 ut
1440 1775 1677 1835 mallent
1748 1776 1977 1835 credere

420 1878 661 1936 Motum
684 1866 929 1943 Terrae)
979 1862 1120 1923 facit
1167 1865 1406 1922 Motum
1454 1861 1620 1922 illum
1649 1909 1664 1936 ‚
1716 1860 1978 1942 Ejacula-

422 1960 603 2025 tionis
631 1955 947 2016 Radiorum
997 1952 1067 2011 ab
1114 1948 1243 2032 ipsis
1294 1948 1480 2032 (licet
1529 1948 1865 2022 celeritate,
1915 1968 1977 2006 ut

427 2048 727 2119 diximus,
779 2037 1159 2116 mirabilem)
1213 2036 1394 2119 magis
1418 2036 1803 2098 credibilem.
1853 2039 1982 2095 Ma-

402 2135 585 2198 ⁴xime
636 2153 772 2192 vero
795 2128 1063 2188 omnium
1115 2148 1216 2185 nos
1264 2122 1495 2199 movit,
1543 2123 1757 2208 quodfi
1808 2123 1984 2183 inter-

430 2240 734 2304 poneretur
782 2213 1155 2278 intervallum
1181 2212 1495 2290 Temporis
1543 2212 1779 2294 aliquod
1831 2229 1987 2269 nota-

432 2309 548 2371 bile
592 2307 741 2367 inter
786 2304 1112 2363 Veritatem
1161 2303 1213 2360 8<
1264 2298 1463 2358 Visum
1492 2349 1514 2380 3
1560 2298 1706 2358 foret
1751 2316 1810 2357 ut
1856 2299 1988 2374 Spe·
2092 2350 2098 2366 ,Υ

435 2395 590 2467 cicc,
639 2417 735 2476 per
779 2393 954 2452 nubes
1000 2388 1238 2450 interim
1284 2385 1538 2446 orientes
1585 2433 1599 2458 ‚
1669 2388 1725 2444 8<
1774 2381 1986 2443 fimiles
2090 2367 2098 2455 l

435 2480 626 2545 Medii
679 2478 1179 2563 perturbationeS,
1228 2472 1707 2554 interciperentur
1750 2469 1989 2550 saepenu-

441 2591 645 2643 mem,
690 2566 1297 2627 &confunderentur.
1346 2563 1540 2641 Atque
1584 2560 1650 2620 de
1697 2556 1988 2619 Mensuris

175 2706 185 2733 ‹
245 2634 281 2713 (,
442 2661 810 2737 Temporum
840 2651 1219 2734 Simplicibus
1267 2650 1382 2710 haec
1408 2647 1563 2708 digia
1611 2644 1759 2709 fint.

304 2756 351 2814 χ
534 2748 751 2802 Verum
823 2763 931 2800 non
982 2740 1161 2801 solum
1209 2735 1503 2820 quaerenda
1572 2733 1647 2794 est
1709 2729 1993 2796 Mensura

362 2819 383 2849 x
428 2831 722 2892 'Motuum
773 2827 1177 2889 &Affiionum
1222 2822 1618 2906 Simpliciter,
1666 2818 1755 2881 sed
1801 2817 1988 2879 multo

1787 2926 1902 2964 ma·
