2131 3573
331 120 1312 196 NOVUMORGANUM
1459 146 1536 214 ες

43 260 163 308 non
195 242 299 304 sint
325 293 343 321 ,
384 263 560 326 quum
588 239 859 303 homines
884 244 1217 326 hujusmodi
1244 244 1470 330 exiguis
1497 271 1633 330 pen

46 334 156 408 fis,
209 335 264 395 δ(
293 328 603 428 puerilibus
630 379 652 412 ,
701 333 966 394 contenti
995 337 1052 396 δε
1076 333 1356 397 ἀεὶεόἲαῑί
1386 333 1630 424 fuerint3

37 422 376 508 quinetiam
419 439 480 480 ln
521 416 733 480 iisdem
782 419 835 482 se
862 445 1140 508 magnum
1187 421 1429 508 aliquod
1470 397 1633 550 sequi·

48 534 226 593 utos,
268 528 365 571 aut
392 504 722 590 affequutos
748 515 1129 591 putaverint.

134 598 479 663 LXXXIX.
507 599 714 681 Neque
738 597 883 660 illud
912 600 1482 683 praetermittendum
1508 604 1632 685 est,

44 689 202 774 quod
244 683 412 746 nasta
441 683 506 745 fit
538 685 914 772 Philosophia
946 689 1258 753 Naturalis
1303 699 1405 775 per
1427 715 1636 755 omnes

46 798 238 839 aerates
259 773 660 837 adversarium
710 778 1014 862 molestum
1044 782 1101 839 8<
1129 780 1486 866 difficilem·
1535 784 1634 844 Su-

46 861 445 950 perstitionem
474 863 809 944 nimirum,
864 871 922 928 δ(
949 867 1139 931 zelum
1172 869 1508 955 Religionis
1537 893 1638 933 cae-

41 976 172 1016 cum
198 954 256 1012 &
284 951 798 1019 immoderatum.
847 957 1095 1019 Etenim
1127 957 1328 1022 videre
1375 960 1453 1022 est
1477 960 1628 1042 apud

39 1044 320 1119 Gr2003‚
371 1066 467 1103 eos
494 1042 636 1126 ‚qui
665 1045 926 1128 primum
955 1047 1148 1109 causas
1175 1049 1466 1112 naturales
1494 1048 1633 1112 Ful·

37 1128 217 1192 minis
245 1132 300 1191 8<
326 1132 773 1212 Tempestatum
821 1134 1058 1197 insuetis
1082 1137 1269 1199 adhuc
1311 1137 1630 1200 hominum

0 1256 1 1285 i
39 1220 285 1281 auribus
333 1218 752 1300 proposuerunt
805 1268 822 1296 ‚
867 1221 1198 1304 impietatis
1244 1226 1303 1284 in
1355 1231 1511 1288 Deos
1555 1252 1630 1289 eo

0 1322 1 1343 ³
38 1305 288 1369 nomine
313 1304 664 1369 damnatos:
719 1311 846 1370 Nec
874 1310 1065 1369 multo
1094 1311 1302 1373 melius
1327 1337 1357 1375 a
1385 1314 1632 1377 normul-

41 1395 115 1458 lis
183 1392 560 1477 antiquorum
614 1397 850 1454 Patrurn
902 1397 1237 1478 Religionis
1281 1401 1635 1466 Christianae

42 1503 316 1566 exceptos
359 1479 525 1541 fuiffe
569 1503 710 1562 εοε,
756 1481 858 1564 qui
890 1504 960 1543 ex
1008 1483 1346 1547 certiffimis
1386 1488 1633 1551 demon-

43 1570 414 1634 strationibus
464 1569 721 1651 (quibus
745 1592 923 1631 nemo
968 1570 1142 1634 hodie
1184 1574 1349 1637 sanus
1395 1599 1629 1642 contra-

42 1659 306 1739 dixerit)
358 1660 607 1718 Terram
637 1660 948 1720 rotundam
1000 1660 1112 1723 esse
1140 1664 1489 1743 posuerunt,
1540 1691 1631 1730 at-

44 1773 153 1834 que
175 1771 248 1809 ex
297 1747 676 1831 consequenti
707 1748 1039 1832 Antipodas
1088 1750 1196 1813 effe
1223 1752 1583 1819 asseruerunt
1611 1808 1629 1825 .

2 1840 5 1843 ⁴
129 1835 529 1916 Quinetiam,
580 1858 640 1897 ut
665 1860 818 1899 nunc
872 1838 998 1901 sunt
1024 1863 1155 1916 res
1205 1845 1475 1907 conditio
1522 1845 1630 1908 sera

41 1939 286 1990 'monum
333 1925 403 1989 de
451 1928 720 2002 Natura,
768 1925 921 1988 faEta
968 1929 1044 1989 est
1088 1930 1290 1992 durior
1337 1936 1393 1995 δε
1444 1934 1629 2020 magis

0 2040 3 2073 ς
42 2037 175 2077 cum
223 2012 486 2096 periculo
529 2063 546 2092 ‚
615 2037 851 2098 propter
896 2016 1341 2104 'lheologorum
1390 2023 1630 2087 Schola-

0 2127 7 2179 3
42 2103 320 2166 sticorurn
347 2106 615 2165 Summas
641 2108 696 2166 &
725 2104 1095 2167 Methodos·
1077 2109 1242 2192 qui
1272 2132 1403 2172 cum
1431 2113 1629 2175 Theo-

0 2192 266 2306 {logiam
319 2190 503 2274 (satis
536 2216 658 2275 pro
685 2194 1008 2277 potestate)
1062 2194 1119 2256 in
1147 2196 1416 2261 ordinem
1464 2203 1626 2263 rede-

0 2273 278 2364 gerim,
329 2282 386 2341 δ(
434 2281 491 2341 in
540 2283 712 2344 Artis
760 2282 1013 2344 formam
1063 2284 1406 2349 effinxerint
1449 2337 1466 2365 ,
1515 2290 1628 2352 hoc

41 2370 274 2455 insuper
296 2369 659 2443 effecerunt
709 2394 771 2434 ut
797 2395 1032 2458 pugnax
1077 2374 1386 2459 &spinosa
1407 2378 1629 2454 Aristo-

43 2459 174 2518 telis
200 2457 578 2544 Philosophia
602 2463 856 2546 Corpori
886 2460 1258 2547 Religionis,
1295 2466 1421 2552 plus
1445 2490 1624 2553 quam

48 2569 149 2631 par
172 2568 332 2624 erat,
380 2546 848 2617 immisceretur.

138 2637 358 2698 Eodem
384 2637 568 2700 etiam
595 2638 854 2724 speffiant
904 2638 1093 2724 (licet
1138 2642 1371 2707 diverso
1399 2645 1622 2724 modo)

0 2710 6 2787 l
48 2745 251 2784 eorum
294 2729 890 2806 commentationes,
937 2729 1038 2812 qui
1088 2732 1401 2796 veritatem
1449 2733 1624 2797 Chri-

9 2811 240 2876 stianae
291 2815 719 2899 Re11010n1sex
774 2819 1171 2902 Principiis&
1224 2822 1627 2886 Authoritati-

50 2900 154 2962 bus
183 2866 668 2987 Philosophorum
714 2908 992 2971 deducere
1017 2913 1074 2970 ὅ(
1101 2909 1448 2976 confirmare
1473 2913 1624 2977 haud

916 3001 1086 3079 Ἐς
1445 3025 1537 3065 ve·
