2131 3573
297 108 638 170 Naturalem
664 155 682 183 ,
730 106 805 166 Ο·
830 109 1345 193 Experimentalem
1375 164 1390 180 .
1488 119 1609 201 361

69 221 268 309 itaque
313 225 385 287 ad
414 221 901 288 Delineationem
948 227 1323 301 Historiarum
1368 234 1699 295 Particula-

66 315 212 375 rium
242 313 598 379 veniendum
627 362 639 375 .

156 407 387 468 Verum
435 454 453 481 ‚
501 423 677 487 prout
724 426 878 466 nunc
927 405 1190 493 negotiis
1238 405 1699 496 distringimur,

66 516 186 557 non
212 493 456 557 ulterius
493 491 752 576 suppetit
778 494 970 560 otium
997 546 1016 575 ‚
1064 520 1244 583 quam
1274 519 1336 558 ut
1361 503 1701 584 Catalogum

64 605 301 646 tantum
329 583 702 658 Htstoriarum
749 589 1198 648 Particularmm
1245 587 1700 653 secundumCa-

63 674 191 758 pita
216 673 633 757 subjungamus
659 723 672 737 .
727 674 1054 738 Enimuero
1080 701 1214 740 cum
1268 678 1527 762 primum
1559 679 1707 741 huic

63 763 151 825 rei
179 783 387 824 vacare
434 761 736 846 poffumus
764 815 779 840 ,
832 767 1145 829 confilium
1173 769 1252 829 est
1278 819 1294 845 ,
1343 768 1404 830 in
1436 768 1698 854 finguliS,

62 849 250 914 veluti
274 850 697 938 interrogando
722 904 744 936 ‚
788 855 1001 915 docere
1028 880 1048 939 3
1073 857 1273 938 qualia
1301 857 1411 919 fint
1457 857 1616 920 circa
1644 883 1702 944 u:

62 964 501 1026 namquamque
525 941 928 1005 Historiarum
955 941 1191 1005 illarum
1221 945 1591 1028 potiffimum
1618 948 1706 1008 in-

62 1030 350 1115 quirenda
398 1035 457 1092 3<
508 1030 977 1105 conscribenda,
1026 1052 1315 1113 tanquam
1359 1057 1424 1094 ea
1474 1053 1602 1118 quae
1628 1038 1700 1099 ad

62 1120 248 1181 finem
273 1116 534 1177 nostrum
559 1113 788 1178 faciunt
817 1165 836 1194 ,
884 1115 1065 1181 instar
1086 1121 1412 1204 Topicorum
1437 1145 1700 1205 quorun-

61 1209 197 1269 dam
226 1203 672 1290 particularium
702 1229 716 1268 :
746 1206 843 1268 vel
870 1206 1090 1292 potiuS,
1116 1231 1179 1272 ut
1207 1210 1472 1298 (sumpto
1496 1235 1697 1276 exem-

62 1296 164 1382 plo
212 1319 245 1357 a
283 1293 488 1358 Caufis
511 1293 866 1377 Civilibus)
920 1296 979 1359 in
1005 1299 1114 1361 hac
1142 1302 1532 1363 Vindicatione
1579 1328 1696 1364 ma-

57 1408 178 1470 gna
226 1382 343 1446 five
367 1384 655 1468 Proceffu,
703 1408 736 1445 a
762 1383 967 1448 favore
1018 1390 1078 1448 8<
1117 1389 1495 1472 providentia
1543 1391 1697 1456 divi-

65 1498 143 1538 na
191 1472 543 1536 conceffo&
589 1470 864 1535 instituto
892 1526 914 1556 ,
963 1477 987 1559 (
1024 1497 1126 1560 per
1152 1500 1330 1562 quem
1382 1503 1565 1563 genus
1589 1482 1694 1545 h·-

64 1587 309 1627 manum
355 1567 455 1640 Ius
502 1561 667 1626 suum
710 1562 777 1625 in
828 1566 1125 1628 Naturam
1174 1590 1522 1654 recuperare
1560 1591 1700 1632 con-

67 1650 309 1735 tendit)
359 1655 660 1716 Naturam
698 1649 887 1740 ipsam
935 1656 993 1718 &
1022 1659 1210 1721 Artes
1257 1656 1425 1745 super
1449 1659 1693 1724 Articu-

68 1743 156 1812 Ios
207 1742 655 1809 examinemus.
1086 1751 1088 1753 ’
