2131 3573
0 248 9 285 δ

371 99 737 165 NOVUM
772 105 818 157 o
841 102 896 160 R
920 101 1346 162 GANUM.
1465 121 1618 186 249·

115 217 282 281 rebus
328 215 524 279 obviis
547 213 799 276 orientes
827 237 847 296 3
897 214 1039 273 adeo
1063 234 1125 275 ut
1175 211 1359 277 veluti
1402 215 1710 300 plumbum

4 318 11 361 ‚¹
114 309 174 368 δε
223 307 473 390 pondera
497 301 830 365 Intellefflui
883 302 1136 364 addant.

201 392 475 478 Exempli
501 388 690 475 gratia
719 413 732 451 :
762 389 890 450 Sint
919 392 1160 453 Naturae
1186 389 1482 475 Inquifitae
1507 445 1528 475 ‚
1578 416 1716 478 qua-

110 503 247 545 tuor
291 487 531 547 Naturae
576 477 738 561 illaeg
787 501 927 563 quas
949 481 1378 540 Contubernales
1425 482 1552 543 vult
1600 481 1715 544 effe

109 573 392 647 Telefius,
439 569 805 650 &tanquam
857 591 930 630 ex
957 569 1158 630 eadem
1209 571 1460 632 Camera
1513 592 1526 631 :
1581 568 1703 631 vid.

109 661 382 722 Calidum
428 703 445 733 ,
512 656 809 717 Lucidum
861 705 877 733 ,
945 659 1157 720 Tenue
1206 702 1222 733 ,
1292 656 1534 719 Mobile
1594 655 1715 718 slve

108 767 441 832 promptum
489 744 560 806 ad
608 748 895 813 Motum.
950 749 1037 807 At
1084 743 1351 827 plurimae
1401 743 1713 809 inveniun„

107 860 205 898 tur
227 833 507 909 Instantiae
532 834 792 896 Divertt'i
841 833 1210 917 interipsaS.
1264 840 1392 896 Aer
1417 834 1577 896 enim
1629 855 1713 896 te-

113 923 238 985 nuis
284 923 445 986 est&
495 923 712 986 habilis
760 923 827 985 ad
862 927 1104 986 Motum
1134 970 1150 998 ,
1198 944 1318 983 non
1344 922 1565 987 calidus
1612 944 1714 986 aut

105 1011 330 1074 lucidus
381 1036 395 1076 ε
445 1014 623 1075 Luna
669 1012 902 1089 lucida,
952 1012 1164 1095 absque
1192 1010 1411 1075 Calore
1465 1037 1480 1074 ;
1530 1016 1711 1098 Aqua

98 1099 374 1175 servem,
423 1101 611 1161 calida
661 1101 873 1182 absque
899 1103 1163 1162 Lumine
1215 1124 1229 1161 ε
1284 1102 1496 1161 Motus
1543 1104 1710 1163 Acus

101 1187 303 1249 serreae
329 1186 492 1270 super
516 1187 855 1248 Versorium
885 1234 900 1263 ‚
950 1186 1160 1273 pernix
1191 1188 1250 1248 δε
1275 1186 1449 1273 agilis
1476 1235 1494 1263 ,
1539 1189 1598 1250 δζ
1628 1210 1712 1252 ta..

103 1300 242 1337 rnen
294 1275 353 1337 in
398 1279 663 1358 Corpore
712 1274 931 1358 frigido
974 1324 992 1352 ‚
1062 1274 1238 1339 denso
1278 1322 1296 1353 ,
1345 1299 1532 1360 opaco
1582 1301 1598 1342 ε
1647 1280 1709 1342 8<

105 1363 408 1446 complura
457 1364 737 1447 idgenuS.
965 1366 969 1367 ⁷

188 1452 478 1513 Similiter
504 1450 606 1510 lint
634 1453 878 1512 Naturae
905 1447 1203 1534 Inquifitae
1231 1491 1246 1523 ,
1297 1453 1530 1514 Natura
1555 1457 1707 1518 Cor-

101 1547 316 1624 porea,
366 1542 421 1600 ἃ
468 1537 628 1601 aelio
676 1538 982 1601 Naturalis
1012 1589 1025 1604 .
1079 1538 1332 1601 Videtur
1375 1540 1538 1604 enim
1586 1564 1708 1606 non

100 1627 361 1692 inveniri
390 1628 577 1691 Abho
607 1627 953 1704 Naturam,
1001 1627 1105 1689 nifi
1152 1626 1449 1692 subfistens
1497 1629 1557 1692 in
1599 1631 1706 1695 ali-

99 1740 218 1801 quo
243 1720 547 1800 Corpore.
596 1722 884 1779 Attamen
913 1715 1082 1800 poffit
1129 1716 1358 1778 fortasse
1386 1717 1496 1781 effe
1547 1720 1704 1785 circa

92 1805 245 1869 hanc
293 1829 416 1867 rem
466 1807 740 1881 Instantia
790 1806 1069 1868 nonnulla
1116 1808 1374 1867 Divortii
1424 1857 1441 1873 .
1490 1812 1576 1872 Ea
1621 1811 1702 1872 est

85 1894 288 1958 'Aetio
313 1895 655 1979 Magnetica
683 1943 699 1971 ‚
749 1918 849 1979 per
894 1918 1070 1980 quam
1103 1900 1352 1960 Ferrum
1402 1896 1590 1959 fertur
1625 1899 1699 1961 ad

96 1986 448 2068 Magnetem
478 2037 497 2065 ,
545 1982 768 2045 Gravia
815 1986 883 2045 ad
931 1984 1175 2070 globum
1224 1988 1422 2048 Terrae
1464 2033 1478 2048 .
1527 1987 1697 2050 Addi

99 2072 280 2133 etiam
334 2072 693 2156 poflintaliae
742 2073 1033 2136 nonnullae
1058 2074 1448 2160 Operationes
1494 2076 1564 2137 ad
1592 2075 1699 2140 Di..

98 2161 283 2222 flans,
333 2161 525 2224 Aetio
552 2161 830 2247 siquidem
881 2162 1296 2246 hujusmodi&
1346 2163 1407 2225 in
1433 2165 1694 2247 Tempo-

0 2273 6 2307 ε
99 2272 160 2309 re
187 2248 251 2309 fit
277 2299 292 2325 ,
343 2274 443 2331 per
466 2254 777 2314 Momenta
805 2301 819 2328 ‚
868 2252 1070 2313 nonin
1103 2251 1332 2315 Punfflo
1357 2253 1639 2336 temporis
1666 2278 1689 2338 3

0 2343 2 2391 ἶ
97 2342 156 2398 δε
207 2339 265 2398 in
312 2342 528 2418 Loc0,
576 2365 680 2425 per
722 2342 930 2427 gradus
973 2344 1031 2403 &
1077 2340 1299 2425 spatia.
1348 2341 1446 2403 Est
1487 2341 1690 2427 itaque

97 2425 335 2510 aliquod
376 2428 770 2495 'Momentum
818 2435 1136 2514 Tempoms
1162 2480 1178 2506 ‚
1225 2432 1281 2492 δε
1329 2429 1567 2514 aliquod
1593 2436 1688 2495 In-

96 2517 414 2581 tervallum
442 2520 593 2582 Loci
624 2569 640 2599 ‚
669 2520 728 2582 in
755 2519 965 2605 quibus
993 2520 1093 2582 ista
1125 2518 1330 2582 Virtus
1356 2518 1470 2583 five
1493 2521 1686 2584 Afflio

0 2621 7 2666 ³.
97 2601 274 2665 haeret
299 2605 359 2667 in
386 2609 596 2670 Medio
643 2608 798 2672 inter
821 2611 933 2672 duo
979 2609 1079 2671 illa
1103 2612 1367 2692 Corpora
1393 2632 1519 2693 quae
1544 2610 1682 2671 Mn-

0 2709 7 2746 :
100 2713 226 2756 tum
275 2695 432 2757 cient
462 2747 478 2762 .
530 2699 858 2762 Reducitur
904 2698 1102 2785 itaque
1124 2697 1575 2781 Contemplatio
1600 2698 1673 2760 ad

0 2785 3 2826 i
99 2779 262 2865 hoc3
309 2806 502 2846 utrum
551 2785 651 2849 illa
698 2793 966 2873 Corpora
993 2835 1009 2863 ,
1056 2812 1181 2874 quae
1224 2788 1353 2851 sunt
1395 2784 1676 2850 Termini

92 2869 343 2951 Motus,
390 2873 696 2959 disponant
719 2878 814 2942 vel
858 2876 1393 2965 alterentGorpora
1439 2873 1673 2954 media,

620 2982 624 2985 >
1436 3006 1439 3010 s
1519 2984 1585 3026 ut

1752 2879 1774 2916 Q
