2098 3490
576 52 697 128 278
964 41 1585 100 VERULA'MII

494 181 622 219 mur
669 179 688 239 3
749 174 988 235 eamque
1032 151 1091 213 in
1137 151 1350 234 pelvim
1396 156 1581 235 Aquae
1623 148 1966 215 immisimus
2011 202 2030 230 ‚

491 247 571 306 ita
620 264 678 304 ut
724 242 1048 325 dep01taret
1094 239 1282 306 secum
1328 244 1541 300 Aerem
1570 285 1589 311 ‚
1632 239 1728 321 qui
1775 241 2029 302 contine-

497 335 660 392 batur
706 331 765 389 in
811 332 1090 389 Concavo
1139 327 1305 409 usque
1374 329 1437 387 ad
1483 325 1718 386 fundum
1785 327 1967 408 pelvis
2013 375 2028 388 .

493 422 927 480 Locaveramus
969 436 1155 474 autem
1198 413 1357 495 prius
1383 411 1697 473 Globulum
1746 411 1805 471 in
1853 412 2030 476 fundo

493 504 720 587 pel-xia,
747 503 909 562 sumet
933 524 1102 584 quem
1131 503 1484 583 campanula
1512 499 1853 582 imponenda
1877 500 2029 561 effet.

494 596 689 669 Quare
719 590 858 650 illud
906 588 1252 662 eveniebat,
1303 607 1360 648 ut
1391 586 1423 646 fi
1471 586 1870 659 Globulusille
1895 586 2032 648 effer

496 676 849 737 minusculus
898 679 1044 758 (pro
1089 674 1313 735 ratione
1337 673 1597 735 Concavi
1625 674 1645 751 )
1677 672 1951 754 reciperet
1977 674 2031 734 se

495 770 620 826 Aer
647 763 703 825 in
736 764 924 823 locum
976 762 1268 822 minorem
1298 809 1314 835 ,
1363 764 1417 820 ἃ
1468 762 1906 821 contruderetur
1947 759 2026 820 so-

495 853 612 909 lum
643 897 660 922 ,
684 873 796 908 non
825 850 1227 909 extruderetur
1250 897 1266 914 .
1295 849 1467 925 Quod
1495 846 1529 907 sl
1554 846 1871 929 grandioris
1896 844 2034 907 esset

493 936 904 1018 magnitudinis
928 958 1096 1016 quam
1123 955 1185 994 ut
1212 939 1332 994 Aer
1357 934 1602 994 libenter
1627 933 1844 993 cederet
1872 979 1888 1006 ‚
1911 953 2033 994 tum

492 1030 734 1082 Aerma
708 1022 876 1098 joris
910 1021 1173 1076 Ptessurae
1220 1019 1565 1094 impatiens,
1614 1019 2035 1100 Campanulam

491 1130 567 1166 ex
592 1105 948 1185 aliquaparte
973 1101 1278 1174 elevabat,
1303 1100 1396 1158 ὃ(
1382 1121 1439 1158 in
1469 1100 1637 1159 bullis
1661 1104 2035 1167 ascendebat.

576 1190 767 1251 Etiam
818 1188 884 1248 ad
932 1188 1285 1270 probandum
1352 1184 1578 1268 qualem
1625 1187 2035 1249 Extensionem

498 1284 659 1360 (non
707 1276 898 1335 minus
940 1296 1110 1355 quam
1155 1271 1701 1353 Compreffionem)
1748 1294 2040 1354 pateretur

492 1369 663 1444 Aer,
713 1362 825 1422 tale
849 1361 1147 1455 quipplam
1177 1357 1665 1439 praelieavimus.
1714 1364 1910 1421 Ovum
1955 1360 2039 1421 vi·
2083 1374 2087 1409 ἱ

494 1473 677 1511 rreum
726 1447 1089 1525 accepimuS,
1141 1467 1267 1503 cum
1298 1466 1473 1525 parvo
1515 1444 1878 1506 foraminein
1926 1469 2041 1508 uno
2082 1431 2098 1523 l}

494 1556 756 1597 extremo
799 1532 918 1591 Ovi
961 1576 974 1590 .
1027 1536 1238 1591 Aerem
1287 1553 1386 1610 per
1427 1529 1683 1592 foramen
1732 1533 2042 1595 εκυέὶίοηε
2084 1550 2098 1614 q

496 1621 631 1682 forti
683 1618 1069 1689 affluimus,
1120 1617 1386 1675 &statim
1435 1616 1621 1700 digito
1666 1617 1921 1679 foramen
1973 1618 2098 1679 il-74
2085 1662 2098 1713 ,ἶ

493 1708 587 1768 lud
632 1703 1076 1785 obturavimusg
1126 1705 1401 1763 &Ovum
1447 1703 1502 1762 in
1522 1708 1762 1798 ‘Aquam
1809 1706 2042 1765 immer-
2086 1722 2098 1799 ,ξ

497 1795 706 1862 fimus,
754 1790 964 1851 &dein
1011 1757 1257 1872 digitum
1311 1788 1708 1854 removimus.
1757 1792 1882 1851 Aer
1905 1814 2044 1852 vero

495 1879 753 1941 Tenlura
801 1877 896 1936 illa
922 1898 1020 1958 per
1063 1874 1432 1936 exufflionem
1463 1873 1614 1937 fatsta
1640 1896 1820 1936 tortus
1844 1879 1899 1936 8<
1931 1900 2042 1937 ma-

498 1967 582 2050 gis
606 1988 775 2047 quam
827 1985 926 2045 pro
954 1966 1176 2023 Natura
1222 1961 1312 2021 sua
1356 1961 1624 2023 dilatatus
1653 2011 1670 2038 ,
1719 1961 1963 2044 ideoque
1990 1963 2045 2025 se

497 2053 828 2131 recipere&
879 2051 1217 2109 contrahere
1245 2047 1431 2108 nitens
1479 2048 1604 2130 (ita
1651 2070 1712 2110 ut
1757 2048 1795 2109 fi
1840 2054 2039 2110 Ovum

498 2141 639 2201 illud
686 2137 745 2199 in
773 2139 1007 2220 Aquam
1055 2157 1168 2195 non
1195 2132 1377 2193 fuisset
1403 2134 1731 2196 immersum
1760 2184 1776 2210 ‚
1823 2139 2045 2201 Aerem

499 2226 680 2306 ipsum
728 2221 985 2284 traxisset
1009 2245 1137 2282 cum
1181 2219 1417 2298 Sibilo)
1468 2226 1701 2305 Aquam
1750 2223 1929 2282 traxit
1974 2224 2043 2284 ad

497 2312 609 2370 tale
634 2314 930 2388 Quantum
958 2357 974 2384 ‚
1021 2308 1188 2392 quale
1230 2306 1482 2367 sufficere
1531 2305 1706 2388 poffet
1750 2308 1817 2368 ad
1865 2307 1974 2369 hoc
2021 2358 2044 2389 ,

503 2417 562 2457 ut
591 2402 707 2456 Aer
753 2396 1054 2480 antiquam
1081 2415 1440 2479 recuperaret
1466 2394 1754 2475 Sphaeram
1802 2391 1915 2454 five
1941 2394 2047 2455 Di-

506 2481 898 2547 menslonem.

250 2593 276 2664 (
325 2572 334 2577 ’
588 2574 787 2651 Atque
813 2589 1028 2630 certum
1078 2569 1198 2651 est,
1244 2571 1504 2650 Corpora
1550 2564 1814 2628 tenuiora
1860 2567 2040 2650 (qua-

181 2672 190 2694 ⁴
504 2662 554 2720 le
601 2656 675 2716 est
703 2656 863 2732 Aer)
909 2655 1023 2738 pati
1051 2654 1535 2717 Contraffionem
1578 2652 1914 2716 nonnullam
1939 2675 2038 2714 no-

313 2723 388 2817 &
502 2745 783 2818 tabilem‚
830 2760 889 2802 ut
930 2742 1148 2806 dietum
1195 2742 1311 2804 est:
1362 2744 1445 2803 At
1485 2743 1745 2824 Corpora
1790 2736 2038 2821 tangibi-

1877 2826 1953 2884 lia
