<?xml version="1.0" encoding="UTF-8"?>
<!DOCTYPE html PUBLIC "-//W3C//DTD XHTML 1.0 Transitional//EN"
    "http://www.w3.org/TR/xhtml1/DTD/xhtml1-transitional.dtd">
<html xmlns="http://www.w3.org/1999/xhtml" xml:lang="en" lang="en">
 <head>
  <title>
</title>
<meta http-equiv="Content-Type" content="text/html;charset=utf-8" />
  <meta name='ocr-system' content='tesseract 3.04.00' />
  <meta name='ocr-capabilities' content='ocr_page ocr_carea ocr_par ocr_line ocrx_word'/>
</head>
<body>
  <div class='ocr_page' id='page_1' title='image "1762novumorganum00baco_0014.png"; bbox 0 0 2098 3490; ppageno 0'>
   <div class='ocr_carea' id='block_1_1' title="bbox 531 102 1588 173">
    <p class='ocr_par' dir='ltr' id='par_1_1' title="bbox 531 102 1588 173">
     <span class='ocr_line' id='line_1_1' title="bbox 531 102 1588 173; baseline 0.002 -2"><span class='ocrx_word' id='word_1_1' title='bbox 531 110 600 171; x_wconf 83' lang='lat'>11</span> <span class='ocrx_word' id='word_1_2' title='bbox 905 102 1588 173; x_wconf 72' lang='lat' dir='ltr'><em>PRAEFATIO.</em></span> 
     </span>
    </p>
   </div>
   <div class='ocr_carea' id='block_1_2' title="bbox 367 215 2038 2819">
    <p class='ocr_par' dir='ltr' id='par_1_2' title="bbox 367 215 2038 2819">
     <span class='ocr_line' id='line_1_2' title="bbox 451 215 2022 305; baseline 0.001 -21"><span class='ocrx_word' id='word_1_3' title='bbox 451 241 590 285; x_wconf 81' lang='lat' dir='ltr'>vera</span> <span class='ocrx_word' id='word_1_4' title='bbox 611 215 834 281; x_wconf 85' lang='lat' dir='ltr'>auxilia</span> <span class='ocrx_word' id='word_1_5' title='bbox 858 220 1225 303; x_wconf 81' lang='lat' dir='ltr'>negligantur</span> <span class='ocrx_word' id='word_1_6' title='bbox 1246 218 1306 281; x_wconf 92' lang='lat' dir='ltr'>in</span> <span class='ocrx_word' id='word_1_7' title='bbox 1338 220 1621 301; x_wconf 88' lang='lat' dir='ltr'>posterum</span> <span class='ocrx_word' id='word_1_8' title='bbox 1647 243 1670 305; x_wconf 84' lang='lat'>;</span> <span class='ocrx_word' id='word_1_9' title='bbox 1695 238 1766 282; x_wconf 87' lang='lat' dir='ltr'>ex</span> <span class='ocrx_word' id='word_1_10' title='bbox 1789 220 1886 283; x_wconf 89' lang='lat' dir='ltr'>usu</span> <span class='ocrx_word' id='word_1_11' title='bbox 1901 221 1977 285; x_wconf 88' lang='lat' dir='ltr'>est</span> <span class='ocrx_word' id='word_1_12' title='bbox 2000 270 2022 299; x_wconf 84' lang='lat'>,</span> 
     </span>
     <span class='ocr_line' id='line_1_3' title="bbox 448 306 2021 392; baseline -0.003 -21"><span class='ocrx_word' id='word_1_13' title='bbox 448 310 509 371; x_wconf 88' lang='lat'>&amp;</span> <span class='ocrx_word' id='word_1_14' title='bbox 552 306 718 392; x_wconf 89' lang='lat' dir='ltr'>plane</span> <span class='ocrx_word' id='word_1_15' title='bbox 743 329 817 368; x_wconf 82' lang='lat' dir='ltr'>ex</span> <span class='ocrx_word' id='word_1_16' title='bbox 841 306 1171 368; x_wconf 70' lang='lat' dir='ltr'>necestitate</span> <span class='ocrx_word' id='word_1_17' title='bbox 1191 355 1209 382; x_wconf 92' lang='lat'>,</span> <span class='ocrx_word' id='word_1_18' title='bbox 1262 328 1322 368; x_wconf 89' lang='lat' dir='ltr'>ut</span> <span class='ocrx_word' id='word_1_19' title='bbox 1350 311 1418 368; x_wconf 89' lang='lat' dir='ltr'>ab</span> <span class='ocrx_word' id='word_1_20' title='bbox 1446 307 1561 368; x_wconf 78' lang='lat' dir='ltr'>illis</span> <span class='ocrx_word' id='word_1_21' title='bbox 1584 331 1708 392; x_wconf 86' lang='lat' dir='ltr'>quae</span> <span class='ocrx_word' id='word_1_22' title='bbox 1730 306 1911 371; x_wconf 84' lang='lat' dir='ltr'>adhuc</span> <span class='ocrx_word' id='word_1_23' title='bbox 1934 310 2021 371; x_wconf 83' lang='lat' dir='ltr'>in.</span> 
     </span>
     <span class='ocr_line' id='line_1_4' title="bbox 446 393 2020 480; baseline 0.001 -24"><span class='ocrx_word' id='word_1_24' title='bbox 446 415 623 457; x_wconf 87' lang='lat' dir='ltr'>venta</span> <span class='ocrx_word' id='word_1_25' title='bbox 667 394 794 455; x_wconf 75' lang='lat' dir='ltr'>sunt</span> <span class='ocrx_word' id='word_1_26' title='bbox 821 443 838 468; x_wconf 92' lang='lat'>‚</span> <span class='ocrx_word' id='word_1_27' title='bbox 887 395 946 454; x_wconf 91' lang='lat' dir='ltr'>in</span> <span class='ocrx_word' id='word_1_28' title='bbox 974 393 1095 474; x_wconf 87' lang='lat' dir='ltr'>ipso</span> <span class='ocrx_word' id='word_1_29' title='bbox 1136 395 1326 475; x_wconf 80' lang='lat' dir='ltr'>operis</span> <span class='ocrx_word' id='word_1_30' title='bbox 1351 394 1521 454; x_wconf 83' lang='lat' dir='ltr'>nostri</span> <span class='ocrx_word' id='word_1_31' title='bbox 1549 395 1756 456; x_wconf 85' lang='lat' dir='ltr'>limine</span> <span class='ocrx_word' id='word_1_32' title='bbox 1804 396 2020 480; x_wconf 86' lang='lat' dir='ltr'>(idque</span> 
     </span>
     <span class='ocr_line' id='line_1_5' title="bbox 446 479 2022 563; baseline 0.001 -19"><span class='ocrx_word' id='word_1_33' title='bbox 446 480 676 545; x_wconf 61' lang='lat' dir='ltr'>relie‘tis</span> <span class='ocrx_word' id='word_1_34' title='bbox 719 479 1058 563; x_wconf 80' lang='lat' dir='ltr'>ambagibus</span> <span class='ocrx_word' id='word_1_35' title='bbox 1082 528 1103 560; x_wconf 76' lang='lat'>,</span> <span class='ocrx_word' id='word_1_36' title='bbox 1151 481 1209 539; x_wconf 74' lang='grc' dir='ltr'>δε</span> <span class='ocrx_word' id='word_1_37' title='bbox 1254 502 1368 540; x_wconf 90' lang='lat' dir='ltr'>non</span> <span class='ocrx_word' id='word_1_38' title='bbox 1414 481 1874 562; x_wconf 83' lang='lat' dir='ltr'>diffimulanter)</span> <span class='ocrx_word' id='word_1_39' title='bbox 1924 485 2022 545; x_wconf 88' lang='lat' dir='ltr'>ho·-</span> 
     </span>
     <span class='ocr_line' id='line_1_6' title="bbox 445 558 2028 655; baseline 0 -23"><span class='ocrx_word' id='word_1_40' title='bbox 445 569 607 632; x_wconf 85' lang='lat' dir='ltr'>noris</span> <span class='ocrx_word' id='word_1_41' title='bbox 631 571 686 629; x_wconf 87' lang='lat'>&amp;</span> <span class='ocrx_word' id='word_1_42' title='bbox 711 566 1110 628; x_wconf 83' lang='lat' dir='ltr'>admirationis</span> <span class='ocrx_word' id='word_1_43' title='bbox 1135 566 1391 628; x_wconf 70' lang='lat' dir='ltr'>excessus</span> <span class='ocrx_word' id='word_1_44' title='bbox 1416 567 1652 630; x_wconf 88' lang='lat' dir='ltr'>tollatur</span> <span class='ocrx_word' id='word_1_45' title='bbox 1675 594 1698 655; x_wconf 77' lang='lat'>3</span> <span class='ocrx_word' id='word_1_46' title='bbox 1746 558 2028 632; x_wconf 67' lang='lat' dir='ltr'>utili&#39;mo·</span> 
     </span>
     <span class='ocr_line' id='line_1_7' title="bbox 445 653 2026 734; baseline -0.001 -14"><span class='ocrx_word' id='word_1_47' title='bbox 445 657 583 721; x_wconf 85' lang='lat' dir='ltr'>nito</span> <span class='ocrx_word' id='word_1_48' title='bbox 607 704 622 730; x_wconf 90' lang='lat'><strong>,</strong></span> <span class='ocrx_word' id='word_1_49' title='bbox 671 677 740 715; x_wconf 93' lang='lat' dir='ltr'>ne</span> <span class='ocrx_word' id='word_1_50' title='bbox 763 653 1032 715; x_wconf 89' lang='lat' dir='ltr'>homines</span> <span class='ocrx_word' id='word_1_51' title='bbox 1055 675 1254 714; x_wconf 87' lang='lat' dir='ltr'>eorum</span> <span class='ocrx_word' id='word_1_52' title='bbox 1298 674 1397 713; x_wconf 89' lang='lat' dir='ltr'>aut</span> <span class='ocrx_word' id='word_1_53' title='bbox 1420 653 1650 734; x_wconf 86' lang='lat' dir='ltr'>copiam</span> <span class='ocrx_word' id='word_1_54' title='bbox 1680 704 1697 732; x_wconf 94' lang='lat'>‚</span> <span class='ocrx_word' id='word_1_55' title='bbox 1744 679 1841 719; x_wconf 84' lang='lat' dir='ltr'>aut</span> <span class='ocrx_word' id='word_1_56' title='bbox 1867 658 2026 719; x_wconf 86' lang='lat' dir='ltr'>utili-</span> 
     </span>
     <span class='ocr_line' id='line_1_8' title="bbox 448 740 2025 821; baseline 0.001 -16"><span class='ocrx_word' id='word_1_57' title='bbox 448 765 628 806; x_wconf 83' lang='lat' dir='ltr'>tatem</span> <span class='ocrx_word' id='word_1_58' title='bbox 656 789 673 817; x_wconf 87' lang='lat'>,</span> <span class='ocrx_word' id='word_1_59' title='bbox 713 740 771 803; x_wconf 92' lang='lat' dir='ltr'>in</span> <span class='ocrx_word' id='word_1_60' title='bbox 800 741 981 821; x_wconf 83' lang='lat' dir='ltr'>majus</span> <span class='ocrx_word' id='word_1_61' title='bbox 1004 740 1293 821; x_wconf 83' lang='lat' dir='ltr'>accipiant</span> <span class='ocrx_word' id='word_1_62' title='bbox 1323 791 1340 820; x_wconf 81' lang='lat'>,</span> <span class='ocrx_word' id='word_1_63' title='bbox 1364 760 1459 801; x_wconf 84' lang='lat' dir='ltr'>aut</span> <span class='ocrx_word' id='word_1_64' title='bbox 1484 741 1774 805; x_wconf 86' lang='lat' dir='ltr'>celebrent</span> <span class='ocrx_word' id='word_1_65' title='bbox 1798 796 1814 810; x_wconf 85' lang='lat'><strong>.</strong></span> <span class='ocrx_word' id='word_1_66' title='bbox 1866 748 2025 805; x_wconf 88' lang='lat' dir='ltr'>Nam</span> 
     </span>
     <span class='ocr_line' id='line_1_9' title="bbox 450 826 2023 912; baseline 0.001 -21"><span class='ocrx_word' id='word_1_67' title='bbox 450 831 489 891; x_wconf 86' lang='lat' dir='ltr'>fi</span> <span class='ocrx_word' id='word_1_68' title='bbox 533 852 658 912; x_wconf 80' lang='lat' dir='ltr'>quis</span> <span class='ocrx_word' id='word_1_69' title='bbox 702 826 763 888; x_wconf 88' lang='lat' dir='ltr'>in</span> <span class='ocrx_word' id='word_1_70' title='bbox 804 850 1047 889; x_wconf 71' lang='lat' dir='ltr'>omnem</span> <span class='ocrx_word' id='word_1_71' title='bbox 1093 828 1254 889; x_wconf 86' lang='lat' dir='ltr'>illam</span> <span class='ocrx_word' id='word_1_72' title='bbox 1306 828 1591 890; x_wconf 84' lang='lat' dir='ltr'>librorum</span> <span class='ocrx_word' id='word_1_73' title='bbox 1634 831 1976 892; x_wconf 88' lang='lat' dir='ltr'>varietatem</span> <span class='ocrx_word' id='word_1_74' title='bbox 2006 879 2023 906; x_wconf 87' lang='lat'>,</span> 
     </span>
     <span class='ocr_line' id='line_1_10' title="bbox 445 915 2027 1001; baseline 0 -24"><span class='ocrx_word' id='word_1_75' title='bbox 445 941 556 1000; x_wconf 87' lang='lat' dir='ltr'>qua</span> <span class='ocrx_word' id='word_1_76' title='bbox 585 920 762 978; x_wconf 88' lang='lat' dir='ltr'>Artes</span> <span class='ocrx_word' id='word_1_77' title='bbox 806 918 863 976; x_wconf 74' lang='grc' dir='ltr'>δ(</span> <span class='ocrx_word' id='word_1_78' title='bbox 889 915 1154 978; x_wconf 87' lang='lat' dir='ltr'>Scientiae</span> <span class='ocrx_word' id='word_1_79' title='bbox 1199 916 1509 998; x_wconf 84' lang='lat' dir='ltr'>exultant,</span> <span class='ocrx_word' id='word_1_80' title='bbox 1560 915 1900 1001; x_wconf 82' lang='lat' dir='ltr'>diligentius</span> <span class='ocrx_word' id='word_1_81' title='bbox 1945 919 2027 978; x_wconf 88' lang='lat' dir='ltr'>in·</span> 
     </span>
     <span class='ocr_line' id='line_1_11' title="bbox 449 1002 2031 1087; baseline -0.001 -21"><span class='ocrx_word' id='word_1_82' title='bbox 449 1003 752 1087; x_wconf 79' lang='lat' dir='ltr'>tt‘ospiciat</span> <span class='ocrx_word' id='word_1_83' title='bbox 777 1050 793 1075; x_wconf 87' lang='lat'><strong>‚</strong></span> <span class='ocrx_word' id='word_1_84' title='bbox 841 1002 1057 1086; x_wconf 88' lang='lat' dir='ltr'>ubique</span> <span class='ocrx_word' id='word_1_85' title='bbox 1107 1002 1367 1065; x_wconf 88' lang='lat' dir='ltr'>inveniet</span> <span class='ocrx_word' id='word_1_86' title='bbox 1412 1002 1663 1085; x_wconf 86' lang='lat' dir='ltr'>ejusdem</span> <span class='ocrx_word' id='word_1_87' title='bbox 1711 1004 1789 1065; x_wconf 86' lang='lat' dir='ltr'>rei</span> <span class='ocrx_word' id='word_1_88' title='bbox 1818 1006 2031 1086; x_wconf 65' lang='lat' dir='ltr'>repeti·</span> 
     </span>
     <span class='ocr_line' id='line_1_12' title="bbox 448 1088 2029 1165; baseline -0.002 -13"><span class='ocrx_word' id='word_1_89' title='bbox 448 1092 640 1152; x_wconf 88' lang='lat' dir='ltr'>tiones</span> <span class='ocrx_word' id='word_1_90' title='bbox 687 1088 945 1151; x_wconf 86' lang='lat' dir='ltr'>infinitas</span> <span class='ocrx_word' id='word_1_91' title='bbox 971 1137 987 1164; x_wconf 95' lang='lat'>,</span> <span class='ocrx_word' id='word_1_92' title='bbox 1035 1091 1322 1151; x_wconf 67' lang='lat' dir='ltr'>traftandi</span> <span class='ocrx_word' id='word_1_93' title='bbox 1371 1090 1558 1152; x_wconf 86' lang='lat' dir='ltr'>modis</span> <span class='ocrx_word' id='word_1_94' title='bbox 1603 1091 1850 1151; x_wconf 87' lang='lat' dir='ltr'>diversas</span> <span class='ocrx_word' id='word_1_95' title='bbox 1875 1140 1891 1165; x_wconf 93' lang='lat'>,</span> <span class='ocrx_word' id='word_1_96' title='bbox 1943 1091 2029 1150; x_wconf 88' lang='lat' dir='ltr'>in-</span> 
     </span>
     <span class='ocr_line' id='line_1_13' title="bbox 448 1177 2030 1260; baseline -0.004 -20"><span class='ocrx_word' id='word_1_97' title='bbox 448 1178 728 1241; x_wconf 85' lang='lat' dir='ltr'>ventione</span> <span class='ocrx_word' id='word_1_98' title='bbox 766 1197 1234 1260; x_wconf 79' lang='lat' dir='ltr'>praeoecupatas3</span> <span class='ocrx_word' id='word_1_99' title='bbox 1282 1198 1344 1237; x_wconf 92' lang='lat' dir='ltr'>ut</span> <span class='ocrx_word' id='word_1_100' title='bbox 1368 1177 1567 1237; x_wconf 86' lang='lat' dir='ltr'>omnia</span> <span class='ocrx_word' id='word_1_101' title='bbox 1594 1177 1787 1259; x_wconf 85' lang='lat' dir='ltr'>primo</span> <span class='ocrx_word' id='word_1_102' title='bbox 1814 1178 2030 1236; x_wconf 86' lang='lat' dir='ltr'>intuitu</span> 
     </span>
     <span class='ocr_line' id='line_1_14' title="bbox 447 1261 2029 1343; baseline -0.003 -17"><span class='ocrx_word' id='word_1_103' title='bbox 447 1264 752 1326; x_wconf 86' lang='lat' dir='ltr'>numerosa</span> <span class='ocrx_word' id='word_1_104' title='bbox 777 1308 792 1333; x_wconf 92' lang='lat'>,</span> <span class='ocrx_word' id='word_1_105' title='bbox 820 1262 978 1322; x_wconf 64' lang='lat' dir='ltr'>fafflo</span> <span class='ocrx_word' id='word_1_106' title='bbox 1002 1261 1271 1321; x_wconf 86' lang='lat' dir='ltr'>examine</span> <span class='ocrx_word' id='word_1_107' title='bbox 1296 1283 1473 1343; x_wconf 88' lang='lat' dir='ltr'>pauca</span> <span class='ocrx_word' id='word_1_108' title='bbox 1499 1263 1865 1343; x_wconf 78' lang='lat' dir='ltr'>reperiantur</span> <span class='ocrx_word' id='word_1_109' title='bbox 1890 1310 1905 1324; x_wconf 90' lang='lat'><strong>.</strong></span> <span class='ocrx_word' id='word_1_110' title='bbox 1955 1267 2029 1322; x_wconf 84' lang='lat' dir='ltr'>Et</span> 
     </span>
     <span class='ocr_line' id='line_1_15' title="bbox 448 1345 2029 1430; baseline -0.004 -16"><span class='ocrx_word' id='word_1_111' title='bbox 448 1354 519 1414; x_wconf 90' lang='lat' dir='ltr'>de</span> <span class='ocrx_word' id='word_1_112' title='bbox 564 1348 821 1410; x_wconf 87' lang='lat' dir='ltr'>utilitate</span> <span class='ocrx_word' id='word_1_113' title='bbox 865 1368 1057 1428; x_wconf 90' lang='lat' dir='ltr'>aperte</span> <span class='ocrx_word' id='word_1_114' title='bbox 1098 1347 1409 1408; x_wconf 86' lang='lat' dir='ltr'>dicendum</span> <span class='ocrx_word' id='word_1_115' title='bbox 1457 1347 1535 1408; x_wconf 84' lang='lat' dir='ltr'>est</span> <span class='ocrx_word' id='word_1_116' title='bbox 1582 1370 1601 1430; x_wconf 79' lang='lat'><em>3</em></span> <span class='ocrx_word' id='word_1_117' title='bbox 1670 1345 2029 1429; x_wconf 86' lang='lat' dir='ltr'>Sapientiam</span> 
     </span>
     <span class='ocr_line' id='line_1_16' title="bbox 445 1431 2035 1517; baseline -0.006 -16"><span class='ocrx_word' id='word_1_118' title='bbox 445 1439 614 1501; x_wconf 84' lang='lat' dir='ltr'>istam</span> <span class='ocrx_word' id='word_1_119' title='bbox 641 1485 662 1516; x_wconf 78' lang='lat'>‚</span> <span class='ocrx_word' id='word_1_120' title='bbox 685 1456 857 1517; x_wconf 88' lang='lat' dir='ltr'>quam</span> <span class='ocrx_word' id='word_1_121' title='bbox 883 1455 914 1493; x_wconf 89' lang='lat' dir='ltr'>a</span> <span class='ocrx_word' id='word_1_122' title='bbox 937 1432 1157 1494; x_wconf 70' lang='lat' dir='ltr'>Graecis</span> <span class='ocrx_word' id='word_1_123' title='bbox 1180 1431 1539 1516; x_wconf 82' lang='lat' dir='ltr'>potiffimum</span> <span class='ocrx_word' id='word_1_124' title='bbox 1564 1432 1849 1496; x_wconf 78' lang='lat' dir='ltr'>hausimus</span> <span class='ocrx_word' id='word_1_125' title='bbox 1873 1482 1888 1510; x_wconf 92' lang='lat'><strong>,</strong></span> <span class='ocrx_word' id='word_1_126' title='bbox 1939 1457 2035 1517; x_wconf 84' lang='lat' dir='ltr'>pu·</span> 
     </span>
     <span class='ocr_line' id='line_1_17' title="bbox 449 1519 2033 1605; baseline -0.003 -19"><span class='ocrx_word' id='word_1_127' title='bbox 449 1523 687 1588; x_wconf 83' lang='lat' dir='ltr'>critiam</span> <span class='ocrx_word' id='word_1_128' title='bbox 711 1520 997 1601; x_wconf 90' lang='lat' dir='ltr'>quandam</span> <span class='ocrx_word' id='word_1_129' title='bbox 1022 1519 1291 1582; x_wconf 84' lang='lat' dir='ltr'>Scientiae</span> <span class='ocrx_word' id='word_1_130' title='bbox 1340 1520 1521 1582; x_wconf 81' lang='lat' dir='ltr'>videri</span> <span class='ocrx_word' id='word_1_131' title='bbox 1550 1568 1567 1596; x_wconf 89' lang='lat'>,</span> <span class='ocrx_word' id='word_1_132' title='bbox 1612 1541 1783 1605; x_wconf 87' lang='lat' dir='ltr'>atque</span> <span class='ocrx_word' id='word_1_133' title='bbox 1822 1522 2033 1582; x_wconf 86' lang='lat' dir='ltr'>habere</span> 
     </span>
     <span class='ocr_line' id='line_1_18' title="bbox 450 1605 2029 1695; baseline -0.002 -23"><span class='ocrx_word' id='word_1_134' title='bbox 450 1610 606 1695; x_wconf 91' lang='lat' dir='ltr'>quod</span> <span class='ocrx_word' id='word_1_135' title='bbox 654 1606 947 1690; x_wconf 83' lang='lat' dir='ltr'>proprium</span> <span class='ocrx_word' id='word_1_136' title='bbox 973 1605 1049 1665; x_wconf 89' lang='lat' dir='ltr'>est</span> <span class='ocrx_word' id='word_1_137' title='bbox 1077 1628 1378 1686; x_wconf 84' lang='lat' dir='ltr'>puerorum</span> <span class='ocrx_word' id='word_1_138' title='bbox 1407 1630 1428 1690; x_wconf 81' lang='lat'>3</span> <span class='ocrx_word' id='word_1_139' title='bbox 1476 1626 1540 1667; x_wconf 90' lang='lat' dir='ltr'>ut</span> <span class='ocrx_word' id='word_1_140' title='bbox 1563 1608 1632 1670; x_wconf 88' lang='lat' dir='ltr'>ad</span> <span class='ocrx_word' id='word_1_141' title='bbox 1656 1607 2029 1690; x_wconf 85' lang='lat' dir='ltr'>garriendum</span> 
     </span>
     <span class='ocr_line' id='line_1_19' title="bbox 451 1693 2037 1782; baseline -0.001 -27"><span class='ocrx_word' id='word_1_142' title='bbox 451 1716 720 1782; x_wconf 87' lang='lat' dir='ltr'>prompta</span> <span class='ocrx_word' id='word_1_143' title='bbox 747 1741 763 1768; x_wconf 92' lang='lat'>,</span> <span class='ocrx_word' id='word_1_144' title='bbox 810 1695 876 1753; x_wconf 87' lang='lat' dir='ltr'>ad</span> <span class='ocrx_word' id='word_1_145' title='bbox 901 1693 1283 1774; x_wconf 79' lang='lat' dir='ltr'>generandum</span> <span class='ocrx_word' id='word_1_146' title='bbox 1334 1693 1590 1754; x_wconf 87' lang='lat' dir='ltr'>invalida</span> <span class='ocrx_word' id='word_1_147' title='bbox 1638 1697 1695 1754; x_wconf 77' lang='lat'>8&lt;</span> <span class='ocrx_word' id='word_1_148' title='bbox 1721 1693 2037 1756; x_wconf 87' lang='lat' dir='ltr'>immatura</span> 
     </span>
     <span class='ocr_line' id='line_1_20' title="bbox 453 1777 2034 1861; baseline -0.003 -16"><span class='ocrx_word' id='word_1_149' title='bbox 453 1784 522 1845; x_wconf 86' lang='lat' dir='ltr'>fit</span> <span class='ocrx_word' id='word_1_150' title='bbox 548 1829 562 1842; x_wconf 90' lang='lat'>.</span> <span class='ocrx_word' id='word_1_151' title='bbox 609 1777 1152 1842; x_wconf 74' lang='lat' dir='ltr'>controversiarum</span> <span class='ocrx_word' id='word_1_152' title='bbox 1178 1777 1332 1839; x_wconf 84' lang='lat' dir='ltr'>enirn</span> <span class='ocrx_word' id='word_1_153' title='bbox 1365 1777 1526 1840; x_wconf 84' lang='lat' dir='ltr'>ferax</span> <span class='ocrx_word' id='word_1_154' title='bbox 1546 1826 1564 1854; x_wconf 88' lang='lat'>,</span> <span class='ocrx_word' id='word_1_155' title='bbox 1607 1801 1847 1861; x_wconf 86' lang='lat' dir='ltr'>operum</span> <span class='ocrx_word' id='word_1_156' title='bbox 1875 1781 2034 1841; x_wconf 84' lang='lat' dir='ltr'>effoe-</span> 
     </span>
     <span class='ocr_line' id='line_1_21' title="bbox 460 1864 2034 1943; baseline 0 -15"><span class='ocrx_word' id='word_1_157' title='bbox 460 1892 520 1932; x_wconf 83' lang='lat' dir='ltr'>ta</span> <span class='ocrx_word' id='word_1_158' title='bbox 542 1868 618 1928; x_wconf 89' lang='lat' dir='ltr'>est</span> <span class='ocrx_word' id='word_1_159' title='bbox 645 1917 662 1933; x_wconf 86' lang='lat'><strong>.</strong></span> <span class='ocrx_word' id='word_1_160' title='bbox 711 1867 882 1926; x_wconf 91' lang='lat' dir='ltr'>Adeo</span> <span class='ocrx_word' id='word_1_161' title='bbox 927 1886 986 1925; x_wconf 89' lang='lat' dir='ltr'>ut</span> <span class='ocrx_word' id='word_1_162' title='bbox 1012 1864 1231 1925; x_wconf 84' lang='lat' dir='ltr'>Fabula</span> <span class='ocrx_word' id='word_1_163' title='bbox 1279 1865 1378 1926; x_wconf 77' lang='lat' dir='ltr'>illa</span> <span class='ocrx_word' id='word_1_164' title='bbox 1403 1866 1472 1926; x_wconf 90' lang='lat' dir='ltr'>de</span> <span class='ocrx_word' id='word_1_165' title='bbox 1494 1866 1688 1943; x_wconf 88' lang='lat' dir='ltr'>Scylla</span> <span class='ocrx_word' id='word_1_166' title='bbox 1733 1866 1795 1928; x_wconf 88' lang='lat' dir='ltr'>in</span> <span class='ocrx_word' id='word_1_167' title='bbox 1839 1867 2034 1929; x_wconf 83' lang='lat' dir='ltr'>litera·</span> 
     </span>
     <span class='ocr_line' id='line_1_22' title="bbox 454 1952 2038 2037; baseline -0.002 -19"><span class='ocrx_word' id='word_1_168' title='bbox 454 1977 589 2018; x_wconf 85' lang='lat' dir='ltr'>rum</span> <span class='ocrx_word' id='word_1_169' title='bbox 615 1955 817 2015; x_wconf 84' lang='lat' dir='ltr'>statum</span> <span class='ocrx_word' id='word_1_170' title='bbox 844 2000 859 2026; x_wconf 87' lang='lat'>‚</span> <span class='ocrx_word' id='word_1_171' title='bbox 908 1952 1093 2033; x_wconf 87' lang='lat' dir='ltr'>qualis</span> <span class='ocrx_word' id='word_1_172' title='bbox 1116 1952 1364 2013; x_wconf 88' lang='lat' dir='ltr'>habetur</span> <span class='ocrx_word' id='word_1_173' title='bbox 1386 2000 1403 2028; x_wconf 90' lang='lat'><strong>,</strong></span> <span class='ocrx_word' id='word_1_174' title='bbox 1450 1954 1518 2014; x_wconf 84' lang='lat' dir='ltr'>ad</span> <span class='ocrx_word' id='word_1_175' title='bbox 1543 1953 1748 2015; x_wconf 85' lang='lat' dir='ltr'>vivum</span> <span class='ocrx_word' id='word_1_176' title='bbox 1793 1956 2038 2037; x_wconf 87' lang='lat' dir='ltr'>quadra-</span> 
     </span>
     <span class='ocr_line' id='line_1_23' title="bbox 458 2038 2033 2123; baseline -0.002 -19"><span class='ocrx_word' id='word_1_177' title='bbox 458 2065 519 2105; x_wconf 92' lang='lat' dir='ltr'>re</span> <span class='ocrx_word' id='word_1_178' title='bbox 544 2042 810 2102; x_wconf 87' lang='lat' dir='ltr'>videatur</span> <span class='ocrx_word' id='word_1_179' title='bbox 837 2062 858 2122; x_wconf 79' lang='lat'>3</span> <span class='ocrx_word' id='word_1_180' title='bbox 905 2062 1030 2122; x_wconf 86' lang='lat' dir='ltr'>quae</span> <span class='ocrx_word' id='word_1_181' title='bbox 1057 2038 1308 2123; x_wconf 82' lang='lat' dir='ltr'>virginis</span> <span class='ocrx_word' id='word_1_182' title='bbox 1348 2063 1412 2100; x_wconf 90' lang='lat' dir='ltr'>os</span> <span class='ocrx_word' id='word_1_183' title='bbox 1436 2042 1493 2100; x_wconf 77' lang='lat'>8&lt;</span> <span class='ocrx_word' id='word_1_184' title='bbox 1521 2040 1750 2102; x_wconf 83' lang='lat' dir='ltr'>vultum</span> <span class='ocrx_word' id='word_1_185' title='bbox 1776 2041 1991 2102; x_wconf 87' lang='lat' dir='ltr'>extulit</span> <span class='ocrx_word' id='word_1_186' title='bbox 2015 2086 2033 2113; x_wconf 83' lang='lat'>,</span> 
     </span>
     <span class='ocr_line' id='line_1_24' title="bbox 463 2125 2036 2208; baseline -0.003 -17"><span class='ocrx_word' id='word_1_187' title='bbox 463 2131 533 2191; x_wconf 75' lang='lat' dir='ltr'>ad</span> <span class='ocrx_word' id='word_1_188' title='bbox 560 2149 782 2189; x_wconf 88' lang='lat' dir='ltr'>uterum</span> <span class='ocrx_word' id='word_1_189' title='bbox 808 2148 948 2188; x_wconf 88' lang='lat' dir='ltr'>vero</span> <span class='ocrx_word' id='word_1_190' title='bbox 971 2127 1220 2187; x_wconf 85' lang='lat' dir='ltr'>monstra</span> <span class='ocrx_word' id='word_1_191' title='bbox 1259 2126 1531 2187; x_wconf 86' lang='lat' dir='ltr'>latrantia</span> <span class='ocrx_word' id='word_1_192' title='bbox 1554 2125 2036 2208; x_wconf 87' lang='lat' dir='ltr'>succingebantur</span> 
     </span>
     <span class='ocr_line' id='line_1_25' title="bbox 462 2211 2037 2295; baseline -0.001 -19"><span class='ocrx_word' id='word_1_193' title='bbox 462 2220 520 2276; x_wconf 86' lang='lat'>&amp;</span> <span class='ocrx_word' id='word_1_194' title='bbox 547 2216 909 2276; x_wconf 82' lang='lat' dir='ltr'>adbaerebant</span> <span class='ocrx_word' id='word_1_195' title='bbox 937 2263 950 2276; x_wconf 90' lang='lat'><strong>.</strong></span> <span class='ocrx_word' id='word_1_196' title='bbox 1008 2219 1098 2275; x_wconf 89' lang='lat' dir='ltr'>Ita</span> <span class='ocrx_word' id='word_1_197' title='bbox 1148 2212 1360 2274; x_wconf 87' lang='lat' dir='ltr'>habent</span> <span class='ocrx_word' id='word_1_198' title='bbox 1386 2216 1442 2272; x_wconf 72' lang='grc' dir='ltr'>ὃς</span> <span class='ocrx_word' id='word_1_199' title='bbox 1472 2211 1739 2277; x_wconf 87' lang='lat' dir='ltr'>Scientiae</span> <span class='ocrx_word' id='word_1_200' title='bbox 1767 2259 1783 2287; x_wconf 94' lang='lat'>,</span> <span class='ocrx_word' id='word_1_201' title='bbox 1831 2213 2037 2295; x_wconf 89' lang='lat' dir='ltr'>quibus</span> 
     </span>
     <span class='ocr_line' id='line_1_26' title="bbox 453 2299 2033 2384; baseline -0.003 -20"><span class='ocrx_word' id='word_1_202' title='bbox 453 2301 815 2364; x_wconf 83' lang='lat' dir='ltr'>insuevimus</span> <span class='ocrx_word' id='word_1_203' title='bbox 839 2349 854 2376; x_wconf 90' lang='lat'>‚</span> <span class='ocrx_word' id='word_1_204' title='bbox 902 2299 1188 2384; x_wconf 84' lang='lat' dir='ltr'>generalia</span> <span class='ocrx_word' id='word_1_205' title='bbox 1231 2301 1486 2381; x_wconf 80' lang='lat' dir='ltr'>quaedam</span> <span class='ocrx_word' id='word_1_206' title='bbox 1535 2299 1888 2361; x_wconf 84' lang='lat' dir='ltr'>blandientia</span> <span class='ocrx_word' id='word_1_207' title='bbox 1907 2346 1925 2377; x_wconf 91' lang='lat'>,</span> <span class='ocrx_word' id='word_1_208' title='bbox 1975 2303 2033 2360; x_wconf 80' lang='lat'>8&lt;</span> 
     </span>
     <span class='ocr_line' id='line_1_27' title="bbox 455 2386 2032 2473; baseline -0.003 -22"><span class='ocrx_word' id='word_1_209' title='bbox 455 2388 703 2473; x_wconf 88' lang='lat' dir='ltr'>speciosa</span> <span class='ocrx_word' id='word_1_210' title='bbox 729 2413 749 2473; x_wconf 81' lang='lat'><em>3</em></span> <span class='ocrx_word' id='word_1_211' title='bbox 799 2388 885 2449; x_wconf 87' lang='lat' dir='ltr'>sed</span> <span class='ocrx_word' id='word_1_212' title='bbox 911 2411 1041 2449; x_wconf 87' lang='lat' dir='ltr'>curn</span> <span class='ocrx_word' id='word_1_213' title='bbox 1087 2387 1157 2448; x_wconf 82' lang='lat' dir='ltr'>ad</span> <span class='ocrx_word' id='word_1_214' title='bbox 1212 2387 1583 2468; x_wconf 76' lang='lat' dir='ltr'>particular³a</span> <span class='ocrx_word' id='word_1_215' title='bbox 1626 2406 1863 2448; x_wconf 89' lang='lat' dir='ltr'>ventum</span> <span class='ocrx_word' id='word_1_216' title='bbox 1905 2386 1982 2447; x_wconf 86' lang='lat' dir='ltr'>est</span> <span class='ocrx_word' id='word_1_217' title='bbox 2010 2437 2032 2467; x_wconf 80' lang='lat'>,</span> 
     </span>
     <span class='ocr_line' id='line_1_28' title="bbox 456 2474 2030 2557; baseline -0.003 -19"><span class='ocrx_word' id='word_1_218' title='bbox 456 2475 641 2538; x_wconf 88' lang='lat' dir='ltr'>veluti</span> <span class='ocrx_word' id='word_1_219' title='bbox 671 2477 738 2536; x_wconf 84' lang='lat' dir='ltr'>ad</span> <span class='ocrx_word' id='word_1_220' title='bbox 763 2495 950 2555; x_wconf 80' lang='lat' dir='ltr'>partes</span> <span class='ocrx_word' id='word_1_221' title='bbox 975 2474 1363 2557; x_wconf 76' lang='lat' dir='ltr'>generationis</span> <span class='ocrx_word' id='word_1_222' title='bbox 1387 2523 1404 2548; x_wconf 83' lang='lat'>‚</span> <span class='ocrx_word' id='word_1_223' title='bbox 1452 2495 1511 2534; x_wconf 89' lang='lat' dir='ltr'>ut</span> <span class='ocrx_word' id='word_1_224' title='bbox 1536 2474 1789 2537; x_wconf 62' lang='lat' dir='ltr'>frufiium</span> <span class='ocrx_word' id='word_1_225' title='bbox 1816 2476 1873 2533; x_wconf 74' lang='lat'>8&lt;</span> <span class='ocrx_word' id='word_1_226' title='bbox 1895 2496 2030 2555; x_wconf 89' lang='lat' dir='ltr'>ope-</span> 
     </span>
     <span class='ocr_line' id='line_1_29' title="bbox 367 2561 2030 2635; baseline -0.004 -11"><span class='ocrx_word' id='word_1_227' title='bbox 367 2603 370 2605; x_wconf 58' lang='lat'>&gt;</span> <span class='ocrx_word' id='word_1_228' title='bbox 460 2587 522 2624; x_wconf 85' lang='lat' dir='ltr'>ra</span> <span class='ocrx_word' id='word_1_229' title='bbox 548 2562 698 2624; x_wconf 85' lang='lat' dir='ltr'>exse</span> <span class='ocrx_word' id='word_1_230' title='bbox 724 2564 893 2623; x_wconf 89' lang='lat' dir='ltr'>edant</span> <span class='ocrx_word' id='word_1_231' title='bbox 917 2608 933 2635; x_wconf 91' lang='lat'>,</span> <span class='ocrx_word' id='word_1_232' title='bbox 982 2584 1106 2622; x_wconf 87' lang='lat' dir='ltr'>tum</span> <span class='ocrx_word' id='word_1_233' title='bbox 1131 2561 1532 2622; x_wconf 86' lang='lat' dir='ltr'>contentiones</span> <span class='ocrx_word' id='word_1_234' title='bbox 1576 2564 1632 2622; x_wconf 89' lang='lat'>&amp;</span> <span class='ocrx_word' id='word_1_235' title='bbox 1677 2561 2030 2621; x_wconf 85' lang='lat' dir='ltr'>oblatrantes</span> 
     </span>
     <span class='ocr_line' id='line_1_30' title="bbox 460 2646 2034 2732; baseline -0.004 -20"><span class='ocrx_word' id='word_1_236' title='bbox 460 2649 880 2728; x_wconf 83' lang='lat' dir='ltr'>disputationes</span> <span class='ocrx_word' id='word_1_237' title='bbox 925 2647 1267 2710; x_wconf 83' lang='lat' dir='ltr'>exoriuntur</span> <span class='ocrx_word' id='word_1_238' title='bbox 1291 2696 1308 2725; x_wconf 89' lang='lat'><strong>,</strong></span> <span class='ocrx_word' id='word_1_239' title='bbox 1352 2648 1414 2711; x_wconf 90' lang='lat' dir='ltr'>in</span> <span class='ocrx_word' id='word_1_240' title='bbox 1461 2671 1601 2732; x_wconf 87' lang='lat' dir='ltr'>quas</span> <span class='ocrx_word' id='word_1_241' title='bbox 1624 2646 1880 2710; x_wconf 75' lang='lat' dir='ltr'>desinunt</span> <span class='ocrx_word' id='word_1_242' title='bbox 1913 2694 1931 2719; x_wconf 89' lang='lat'>,</span> <span class='ocrx_word' id='word_1_243' title='bbox 1974 2648 2034 2706; x_wconf 77' lang='lat'>8&lt;</span> 
     </span>
     <span class='ocr_line' id='line_1_31' title="bbox 459 2733 2031 2819; baseline -0.001 -22"><span class='ocrx_word' id='word_1_244' title='bbox 459 2757 592 2819; x_wconf 86' lang='lat' dir='ltr'>quae</span> <span class='ocrx_word' id='word_1_245' title='bbox 617 2757 808 2817; x_wconf 88' lang='lat' dir='ltr'>partus</span> <span class='ocrx_word' id='word_1_246' title='bbox 832 2737 1025 2798; x_wconf 84' lang='lat' dir='ltr'>locum</span> <span class='ocrx_word' id='word_1_247' title='bbox 1049 2736 1318 2799; x_wconf 86' lang='lat' dir='ltr'>obtinent</span> <span class='ocrx_word' id='word_1_248' title='bbox 1340 2787 1358 2802; x_wconf 92' lang='lat'><strong>.</strong></span> <span class='ocrx_word' id='word_1_249' title='bbox 1407 2738 1685 2799; x_wconf 82' lang='lat' dir='ltr'>Praeterea</span> <span class='ocrx_word' id='word_1_250' title='bbox 1712 2783 1728 2810; x_wconf 93' lang='lat'>,</span> <span class='ocrx_word' id='word_1_251' title='bbox 1780 2733 1816 2794; x_wconf 82' lang='lat' dir='ltr'>fi</span> <span class='ocrx_word' id='word_1_252' title='bbox 1842 2733 2031 2810; x_wconf 81' lang='lat' dir='ltr'>hujus-</span> 
     </span>
    </p>
   </div>
   <div class='ocr_carea' id='block_1_3' title="bbox 466 2816 2035 2966">
    <p class='ocr_par' dir='ltr' id='par_1_3' title="bbox 466 2816 2035 2966">
     <span class='ocr_line' id='line_1_32' title="bbox 466 2816 2035 2912; baseline -0.003 -27"><span class='ocrx_word' id='word_1_253' title='bbox 466 2823 629 2889; x_wconf 82' lang='lat' dir='ltr'>modi</span> <span class='ocrx_word' id='word_1_254' title='bbox 652 2823 916 2893; x_wconf 86' lang='lat' dir='ltr'>Scientiae</span> <span class='ocrx_word' id='word_1_255' title='bbox 959 2823 1126 2908; x_wconf 85' lang='lat' dir='ltr'>plane</span> <span class='ocrx_word' id='word_1_256' title='bbox 1169 2845 1260 2888; x_wconf 84' lang='lat' dir='ltr'>res</span> <span class='ocrx_word' id='word_1_257' title='bbox 1298 2843 1529 2889; x_wconf 86' lang='lat' dir='ltr'>mortua</span> <span class='ocrx_word' id='word_1_258' title='bbox 1570 2845 1686 2887; x_wconf 87' lang='lat' dir='ltr'>non</span> <span class='ocrx_word' id='word_1_259' title='bbox 1709 2821 1925 2912; x_wconf 69' lang='lat' dir='ltr'>effent3</span> <span class='ocrx_word' id='word_1_260' title='bbox 1973 2816 2035 2880; x_wconf 89' lang='lat' dir='ltr'>id</span> 
     </span>
     <span class='ocr_line' id='line_1_33' title="bbox 1840 2925 1949 2966; baseline 0 0"><span class='ocrx_word' id='word_1_261' title='bbox 1840 2925 1949 2966; x_wconf 81' lang='lat' dir='ltr'>mt-</span> 
     </span>
    </p>
   </div>
  </div>
 </body>
</html>
