2131 3573
418 108 788 169 NOVUM
826 105 1398 165 ORGANUM.
1499 123 1620 188 171

123 220 449 308 lampadis,
495 216 798 283 autetiam
853 220 1028 277 carbo
1074 237 1170 278 aut
1220 237 1402 299 pruna
1442 216 1650 279 ardens
1695 230 1718 292 ,'

103 311 534 398 :comprimitur
582 330 682 390 per
732 305 1073 387 pressorium
1123 353 1140 381 ,
1205 323 1301 365 aut
1348 304 1510 388 pedis
1579 329 1718 369 con-

122 401 516 464 culcationem
546 444 562 471 ,
612 416 710 456 aut
739 394 1070 478 hujusmodi
1101 442 1117 472 ‚
1167 392 1362 455 statim
1389 392 1608 458 ceffant
1652 418 1722 458 οι,

125 491 451 577 perationes
499 483 701 570 Ignis,

210 602 315 664 33,
366 573 836 658 Approximatio
908 574 976 635 ad
1025 595 1233 659 corpus
1276 570 1559 638 Calidum
1626 593 1725 635 au·

118 687 218 755 get
254 665 539 729 Calorem
587 713 605 739 ‚
675 686 781 745 pro
846 663 1023 748 gradu
1092 657 1628 748 approximationis
1698 682 1728 745 3

120 756 276 842 quod
323 752 503 814 etiam
556 749 621 813 fit
669 753 731 813 in
782 750 1047 815 lumine:
1105 756 1267 815 Nam
1315 776 1436 838 quo
1485 746 1727 836 propius

116 843 445 908 collocatur
490 841 797 906 obieaum
842 843 916 905 ad
960 840 1157 906 lumen
1205 887 1224 920 ‚
1292 863 1363 905 co
1410 863 1600 927 magis
1645 836 1729 900 est

128 929 356 997 visibile
381 977 396 993 .

204 1044 312 1107 34.
361 1020 530 1084 Unio
575 1021 843 1084 calorum
890 1020 1255 1085 diversorum
1326 1041 1499 1106 auget
1544 1015 1725 1080 Calo-

116 1133 291 1194 rem,
338 1108 448 1171 nisi
473 1108 629 1172 faEla
681 1109 749 1171 fit
774 1110 1114 1171 commistio
1143 1133 1459 1193 corporum
1491 1158 1506 1173 .
1561 1110 1729 1168 Nam

117 1199 285 1262 focus
333 1220 577 1283 magnus
623 1245 640 1271 ,
689 1199 747 1258 δε
795 1196 959 1259 focus
1007 1220 1216 1281 parvus
1265 1199 1325 1258 in
1391 1197 1598 1259 eodem
1647 1195 1732 1256 lo-

117 1310 189 1351 co
234 1336 252 1365 ,
301 1285 577 1349 nonnihil
622 1285 886 1348 invicem
957 1306 1173 1369 augent
1239 1284 1517 1348 Calorem
1579 1309 1594 1322 ·
1667 1302 1731 1345 at

120 1399 271 1461 aqua
336 1376 531 1459 tepida
579 1372 834 1434 immiffa
881 1372 943 1432 in
992 1394 1206 1456 aquam
1273 1343 1602 1434 ferventeni
1646 1393 1733 1432 re-

123 1466 416 1528 frioerat.

203 1517 317 1638 {5-
365 1552 544 1612 Mora
589 1546 851 1632 corporis
903 1544 1082 1609 calidi
1134 1566 1306 1633 auget
1351 1545 1640 1611 Calorem
1714 1596 1731 1614 .

117 1641 365 1704 Etenim
392 1639 577 1702 Calor
625 1658 906 1722 perpetuo
952 1634 1231 1697 transiens
1281 1639 1340 1696 δε
1389 1660 1667 1699 emanans
1715 1684 1735 1713 ‚

123 1727 551 1792 commiscetur
597 1750 737 1790 cum
769 1727 962 1788 calore
1012 1724 1490 1807 praeinexistente
1518 1776 1533 1802 ,
1583 1726 1732 1788 adeo

124 1840 188 1881 ut
237 1816 600 1903 multiplicet
625 1818 950 1878 Calorem.
1001 1817 1164 1877 Nam
1213 1813 1378 1876 focus
1405 1839 1521 1876 non
1575 1838 1740 1900 aeque

127 1906 400 1969 calefacit
448 1904 788 1968 cubiculum
840 1926 940 1988 per
988 1926 1219 1966 moram
1269 1903 1616 1982 semihorae,
1665 1926 1737 1965 ac

130 1995 172 2056 si
221 1995 379 2058 idem
427 1996 591 2056 focus
638 1994 805 2056 duret
855 2016 957 2077 per
1002 1992 1208 2055 horam
1253 1992 1551 2079 integram
1581 2044 1597 2060 .
1649 1997 1741 2055 At

135 2085 266 2160 hoc=
300 2108 415 2146 non
444 2081 586 2145 facit
631 2083 888 2169 lumen3
940 2082 1182 2144 Etenim
1210 2080 1435 2166 lampas
1483 2104 1580 2145 aut
1606 2106 1738 2144 can-

132 2173 264 2236 dela
309 2173 372 2235 in
418 2173 620 2256 aliquo
667 2173 803 2234 loco
827 2170 1007 2256 posita
1047 2220 1065 2248 ‚
1114 2193 1233 2232 non
1279 2169 1469 2257 magis
1515 2169 1746 2233 illumi.

90 2276 94 2279 '
135 2284 238 2325 nat
283 2284 386 2347 per
430 2284 662 2326 moram
706 2261 1048 2324 diuturnam
1093 2307 1112 2337 ,
1178 2282 1358 2346 quam
1405 2258 1605 2322 statim
1668 2262 1742 2345 al)

135 2373 358 2414 initio.

229 2445 334 2525 36.
389 2439 662 2504 Irritatio
709 2464 808 2525 per
855 2438 1137 2525 frigidum
1187 2436 1451 2501 ambiens
1500 2487 1518 2516 ‚
1568 2456 1743 2522 auget

140 2530 470 2618 Calorem3
520 2554 580 2592 ut
609 2531 666 2592 in
715 2530 862 2593 focis
885 2530 1088 2592 videre
1139 2528 1216 2590 est
1241 2551 1343 2612 per
1388 2527 1521 2615 gelu
1565 2549 1742 2593 acre.

144 2619 323 2696 Quod
371 2619 778 2682 existimamus
806 2620 930 2682 fieri
982 2643 1097 2680 non
1127 2639 1353 2680 tantum
1385 2640 1485 2702 per
1511 2615 1744 2678 conclu-

145 2705 366 2768 fionem
394 2711 453 2771 &
501 2711 975 2774 contrafflionem
1005 2708 1282 2784 CaloriS‚
1332 2730 1460 2792 quae
1504 2706 1583 2768 est
1630 2704 1748 2786 spe-

146 2793 263 2856 cics
309 2795 592 2885 unioni33
640 2799 737 2862 sed
782 2824 882 2884 per
931 2799 1439 2881 exasperationem
1490 2819 1505 2858 t
1555 2792 1747 2856 veluti

148 2904 283 2947 cum
333 2907 432 2948 aer
475 2906 589 2951 aut-
647 2889 920 2955 baculum
968 2887 1263 2955 violenter
1332 2881 1749 2972 comprirnitur

1548 2991 1659 3034 aut
