2131 3573
385 129 511 190 No
538 129 759 190 VUM
815 133 1395 199 ORGANUM.
1492 152 1612 216 345

122 240 384 307 humano
429 241 591 328 digni
649 239 755 301 sint
801 244 1169 328 progreffu3‚
1220 246 1279 307 in
1330 242 1712 332 Philosophia

121 336 181 396 δε
208 331 488 395 Scientiis
511 381 529 408 ‚
575 326 701 392 fieri
730 333 971 413 potuifl'e
1025 358 1038 396 :
1090 337 1317 397 Contra
1349 360 1484 399 vcro
1511 387 1526 414 ‚
1551 360 1710 398 cem-

120 444 322 508 parata
367 424 424 484 &
472 424 617 482 bene
666 418 947 484 instrussa
996 422 1328 503 hujusmodi
1378 427 1647 489 Historia
1692 473 1712 501 ‚

119 512 337 575 additis
362 507 803 592 Experimentis
827 511 1249 575 Auxiliaribus
1293 517 1351 577 &
1374 513 1672 579 Luciferis
1699 563 1716 592 ‚

119 624 251 685 quae
297 601 358 664 in
401 598 527 681 ipso
577 601 1100 685 Interpretationis
1142 604 1467 666 Curriculo
1510 623 1718 666 occur-

120 711 254 753 rent
282 738 298 764 ,
343 676 445 749 afst
493 691 743 751 eruenda
772 712 939 754 erunt
968 716 990 776 3
1039 715 1365 774 paucorum
1394 699 1718 756 Annorum

118 801 263 862 opus
323 774 581 840 futuram
651 779 762 840 effe
829 779 1284 862 Inquifitionem
1352 786 1596 849 Naturae
1658 782 1719 843 &

115 864 510 930 Scientiarum
555 867 825 929 omnium
852 914 866 928 .
919 871 1128 950 Itaque
1153 892 1250 931 aut
1289 872 1402 933 hoc
1428 872 1723 956 agendum

116 955 193 1018 est
221 1005 237 1032 ,
286 977 384 1019 aut
412 955 740 1041 Negotium
790 956 1170 1020 deserendum
1201 1009 1217 1024 .
1267 961 1405 1021 Hoc
1451 959 1611 1021 enim
1639 959 1724 1021 so-

114 1045 175 1108 lo
195 1048 252 1107 &
300 1046 478 1109 unico
502 1048 682 1104 modo
709 1047 1119 1106 Fundamenta
1149 1047 1543 1131 Philosophiae
1570 1070 1725 1111 verae

119 1136 177 1193 8<
206 1130 445 1193 Aaivae
468 1129 715 1191 stabiliri
748 1129 976 1213 possunt
1004 1155 1026 1216 3
1076 1135 1151 1192 Et
1179 1132 1345 1196 simul
1374 1134 1727 1219 perspicient

117 1221 436 1297 homines,
487 1240 768 1304 tanquam
818 1243 893 1281 ex
931 1218 1220 1305 profundo
1267 1224 1474 1287 somno
1497 1224 1724 1288 excita-

118 1311 212 1388 ti,
259 1309 403 1394 quid
449 1307 606 1370 inter
658 1307 885 1392 ingenii
938 1310 1165 1373 Placita
1214 1315 1270 1375 δ(
1315 1317 1725 1393 Commenta,

120 1423 188 1462 ac
234 1403 455 1461 Veram
500 1400 556 1459 &
605 1397 898 1458 AStivam
950 1397 1398 1483 Philosophiam
1445 1401 1725 1492 intersit3

117 1483 177 1550 8(
204 1489 345 1574 quid
395 1489 632 1549 demum
684 1483 752 1546 fit
776 1536 798 1568 ‚
846 1485 916 1549 de
943 1483 1178 1550 Natura
1205 1491 1507 1554 Naturam
1535 1492 1724 1578 ipsam

116 1577 417 1641 consulere
447 1626 461 1641 .

209 1666 412 1728 Primo
438 1664 623 1752 igitur
647 1664 716 1728 de
740 1663 1075 1748 hujusmodi
1104 1665 1369 1731 Historia
1395 1668 1724 1736 conficien-

116 1758 188 1819 da
235 1778 522 1841 praecepta
568 1754 926 1818 dabimusin
971 1781 1232 1843 genere.
1286 1758 1519 1824 Deinde
1545 1762 1728 1846 parti-

114 1845 377 1908 cularem
426 1847 547 1927 ejus
573 1845 855 1929 Figuram
903 1844 1249 1910 hominibus
1277 1849 1375 1911 sub
1398 1851 1603 1914 oculos
1629 1875 1728 1935 po-

120 1955 330 1998 nemus
384 1958 397 1997 :
474 1933 798 1996 Inserentes
843 1932 1137 1999 interdum
1207 1961 1324 2000 non
1379 1939 1573 2003 minus
1613 1944 1724 2002 Ad

115 2025 256 2108 quid
281 2022 602 2108 Inquifitio
646 2023 893 2108 aptanda
939 2029 995 2089 8<
1043 2022 1341 2091 referenda
1387 2028 1493 2107 fit,
1543 2053 1726 2115 quana

116 2117 280 2193 Quid
323 2114 504 2197 quaeri
554 2114 797 2177 debeat.
851 2115 1093 2179 Scilicet
1121 2168 1136 2195 ‚
1185 2140 1247 2179 ut
1274 2121 1493 2205 Scopus
1517 2119 1600 2181 rei
1630 2122 1725 2182 be·-

114 2228 188 2265 ne
233 2203 654 2266 intelleetus&
705 2204 1021 2290 praevisu5‚
1070 2207 1251 2270 etiarn
1301 2206 1415 2270 alia
1462 2207 1722 2272 homini-

118 2295 221 2355 bus
269 2293 327 2356 in
376 2314 635 2356 mentem
682 2295 947 2379 redigat,
994 2321 1119 2380 quae
1166 2321 1197 2362 a
1243 2297 1442 2361 Nobis
1486 2296 1721 2362 fortaffe

115 2383 498 2467 praetermiffa
542 2406 750 2447 erunt.
799 2384 1130 2449 Historiam
1178 2411 1374 2450 autem
1420 2386 1584 2452 istam
1613 2390 1721 2450 Hi..

0 2499 5 2572 ᾗ
108 2472 337 2547 storiam
373 2475 617 2558 primam
646 2522 664 2552 ‚
715 2473 829 2540 sive
853 2476 1158 2553 Historiam
1185 2479 1434 2544 Matrem
1461 2525 1477 2555 ‚
1528 2477 1720 2565 appel·

117 2563 237 2624 lare
263 2563 671 2629 consuevimus
696 2611 708 2626 .

1359 3013 1632 3078 APHO..
