2131 3573
350 94 715 159 NOVUM
771 98 1371 165 ORGANUM.
1465 118 1587 186 213

88 206 238 277 libus
286 214 566 286 Naturae,
611 208 671 269 &
715 225 997 292 tanquam
1043 209 1504 275 Incausabilibus
1546 263 1563 292 ‚
1612 219 1673 279 δε

89 326 193 387 pro
218 297 684 383 Exceptionibus
709 296 1072 380 Regularum
1112 300 1497 363 Generalium
1526 351 1537 364 .

179 389 464 473 Exempla
487 384 887 460 Instantiarum
913 389 1337 450 Monodicarum
1363 390 1521 475 sunt,
1547 393 1677 478 Sol,

87 478 145 539 ἃ
173 482 379 554 Luna,-
429 476 586 538 inter
608 473 784 536 Astra
809 496 832 558 3
883 477 1140 561 Magnes
1164 526 1182 556 ,
1209 475 1361 539 inter
1390 480 1679 569 Lapides3

84 570 417 650 Argentum
463 561 672 624 vivum
718 610 734 639 ‚
783 561 938 625 inter
985 566 1233 629 Metalla
1284 590 1306 654 3
1355 567 1610 651 Elephas
1658 620 1678 647 ‚

83 654 238 715 inter
258 651 676 733 Quadrupedes
702 674 723 737 3
773 654 977 716 Sensus
1005 655 1254 718 Veneris
1284 704 1301 733 ‚
1327 654 1485 717 inter
1508 681 1677 740 gene-

81 764 142 803 ra
167 742 433 824 Taaus;
483 744 652 803 Odor
678 742 1001 804 Venaticus
1049 743 1111 805 in
1159 744 1424 807 Canibus
1449 794 1464 820 ,
1515 748 1676 809 inter

81 852 286 914 genera
311 827 585 912 Olfafi’ms
610 880 627 896 .
678 832 878 893 Etiam
904 835 938 892 S
965 831 1137 894 litera
1183 834 1332 916 apud
1357 837 1673 897 Gramma.

80 919 226 980 ticos
250 967 266 992 ‚
317 918 563 982 habetur
586 941 693 1004 pro
719 920 1095 1006 Monodicag
1143 925 1220 983 ob
1246 921 1480 986 facilem
1510 947 1673 986 com-

78 1006 468 1092 positionem,
515 1031 690 1092 quam
720 1009 956 1072 sustinet
1003 1034 1136 1072 cum
1163 1013 1670 1097 Consonantibus,

73 1090 389 1180 aliquando
435 1095 769 1178 duplicibus
815 1147 831 1173 ,
895 1097 1214 1181 aliquando
1261 1100 1597 1182 triplicibus
1649 1127 1666 1165 ε

69 1185 227 1266 quod
273 1183 430 1243 nulla
454 1183 568 1244 alia
617 1182 787 1244 litera
834 1183 977 1247 facit
1000 1230 1016 1245 .
1069 1186 1318 1249 Plurimi
1345 1210 1539 1252 aurem
1588 1190 1668 1253 fa-

74 1271 292 1332 ciendae
337 1271 463 1332 sunt
512 1271 842 1355 hujusmodi
873 1272 1208 1352 Instantiae,
1259 1275 1396 1360 quia
1442 1301 1661 1341 acuunt

72 1360 131 1418 8<
180 1357 488 1420 vivificant
518 1358 968 1441 Inquifitionem
997 1406 1014 1433 ,
1063 1365 1119 1419 8<
1149 1364 1456 1425 medentur
1484 1368 1668 1429 Intel-

71 1441 253 1509 lefflui
279 1447 598 1529 depravato
643 1467 673 1506 a
697 1444 1138 1509 Consuetudine
1165 1494 1181 1523 ‚
1236 1450 1293 1508 δ(
1321 1452 1394 1511 ab
1442 1450 1513 1513 iis
1537 1477 1664 1536 quae

79 1533 230 1597 fiunt
274 1533 613 1617 plerumque
638 1583 656 1598 .

163 1620 391 1687 XXIX.
445 1627 606 1683 Inter
629 1622 1046 1706 Praerogativas
1069 1623 1463 1698 instantiarum
1492 1678 1508 1702 ‚
1559 1654 1656 1717 po.

72 1724 276 1772 nemus
302 1710 434 1773 loco
475 1712 694 1773 oaavo
737 1712 1045 1786 Instantius
1085 1714 1428 1802 deviantes3
1478 1723 1660 1782 Erro.

64 1816 153 1860 res
196 1798 420 1862 scilicet
446 1800 694 1863 Naturae
714 1849 729 1877 ,
779 1803 836 1861 δ(
864 1805 1027 1883 Vaga
1053 1852 1074 1883 ,
1122 1824 1186 1863 ac
1213 1804 1521 1869 Monstra:
1554 1809 1657 1871 ubi

67 1891 296 1950 Natura
339 1887 678 1949 declinat&
723 1885 984 1951 deflefflt
1012 1913 1039 1951 a
1083 1892 1246 1952 cursu
1289 1893 1593 1956 ordinario
1639 1945 1654 1961 .

68 1976 361 2038 Differunt
390 1978 545 2037 enim
576 1981 815 2038 Errores
846 1978 1085 2040 Naturae
1110 1981 1180 2041 ab
1207 1982 1500 2056 Instantiis
1523 1990 1657 2048 Μο-

65 2065 315 2142 nodicis,
365 2066 424 2126 in
470 2066 628 2150 hoc3
677 2066 833 2149 quod
858 2067 1163 2129 Monodicae
1212 2069 1317 2132 sint
1346 2071 1645 2136 Miracula

1 2179 9 2189 ⁸
58 2154 396 2236 Specierum
425 2204 441 2230 ‚
489 2176 547 2216 at
576 2159 814 2217 Errores
859 2153 966 2217 sint
992 2156 1285 2220 Miracula
1314 2158 1651 2225 Individuo-

60 2263 230 2302 rum.
280 2242 506 2305 Similis
530 2265 726 2307 autem
771 2243 893 2305 fere
913 2244 1041 2308 sunt
1090 2246 1261 2330 ususg
1311 2247 1447 2331 quia
1473 2252 1651 2314 resti·

63 2328 240 2391 ficant
269 2331 643 2395 Intelleffium
670 2333 936 2396 adversus
961 2334 1231 2397 consueta
1259 2385 1274 2411 ‚
1302 2339 1357 2400 8<
1385 2338 1650 2420 revelant

61 2422 304 2481 Formas
328 2424 696 2485 Communes
725 2480 729 2483 ,
789 2427 998 2506 Neque
1025 2422 1187 2486 enim
1235 2423 1294 2486 in
1323 2424 1412 2488 his
1460 2428 1643 2491 etiam

59 2506 433 2572 defistendum
481 2513 553 2573 ab
581 2511 974 2595 lnquifitione
998 2562 1014 2587 ,
1062 2513 1246 2576 donec
1293 2513 1642 2580 inveniatur

59 2595 250 2658 Causa
292 2599 619 2680 hujusmodi
674 2601 1101 2662 Declinationis
1147 2650 1161 2664 .
1234 2607 1639 2668 Veruntamen

59 2685 246 2744 Causa
294 2688 395 2748 illa
419 2712 532 2751 non
560 2691 791 2775 exurgit
818 2692 885 2752 ad
912 2696 1188 2752 Formam
1216 2691 1476 2777 aliquam
1504 2718 1635 2776 pro-

61 2772 223 2852 prie,
272 2775 613 2839 sedtantum
662 2784 728 2840 ad
757 2783 1014 2839 latentem
1056 2780 1348 2863 processum
1393 2784 1462 2845 ad
1490 2788 1633 2844 For-

58 2882 214 2937 mam
242 2913 260 2932 .
309 2866 432 2944 Qui
478 2865 638 2930 enim
669 2869 807 2931 Vias
838 2872 1076 2932 Naturae
1120 2869 1398 2946 noverit,
1447 2869 1496 2932 is
1521 2877 1631 2934 De-

594 2973 599 2976 ”
957 2962 1013 3017 O
1106 2979 1138 3039 3
1409 2960 1539 3022 via.

1721 2961 1736 2998 Ι
