2098 3490
514 153 596 215 80
893 147 1540 211 VERULAMII

424 258 531 325 illa
576 282 691 323 non
720 258 868 323 male
916 260 1137 324 inillos
1180 262 1425 345 quadrat
1447 262 1518 325 de
1564 263 1757 345 Sene,
1802 262 1904 347 qui
1934 262 1994 328 fi.

425 350 526 412 liis
553 373 755 412 aurum
799 349 860 412 in
886 350 1054 412 vinea
1077 348 1360 413 defossum
1411 350 1547 432 (sed
1573 351 1773 412 locum
1821 351 1878 413 se
1900 377 2002 415 ne-

425 437 571 500 scire
617 437 929 518 fimulans)
979 438 1267 522 legaverit
1291 486 1310 516 ,
1357 440 1505 515 unde
1548 439 1636 500 illi
1680 437 1863 502 vineae
1911 441 2004 501 fo·
2073 489 2076 495 .

425 526 648 589 diendae
691 526 1005 609 diligenter
1051 521 1438 589 incubuerunt
1479 575 1496 603 ‚
1545 530 1603 589 &
1649 550 1847 590 aurum
1875 531 2005 612 qui.

424 615 557 677 dem
584 613 808 676 nullum
835 634 1136 698 repertum
1165 664 1183 693 ‚
1232 615 1325 678 sed
1350 613 1652 678 vindemia
1682 639 1754 679 ex
1798 639 1862 679 ea
1888 615 2006 680 cul.
2073 611 2077 624 '

427 721 558 765 tura
581 701 734 764 faE’ta
758 702 836 764 est
860 704 1130 769 uberior.

513 794 602 853 At
647 791 955 854 Naturalis
984 790 1205 877 Magiae
1229 791 1526 869 Cultores‚
1550 790 1651 877 qui
1680 815 1781 877 per
1804 816 2000 857 rerum

422 878 804 961 Sympathias
829 882 888 940 ἀ
912 880 1295 964 Antipathias
1316 880 1518 944 omnia
1542 881 1859 965 expediunt
1884 930 1900 959 ‚
1925 906 1999 944 ex

429 966 786 1046 conjeffiuris
807 966 1006 1029 otiosis
1032 972 1085 1029 δι
1115 967 1514 1049 supiniffimis,
1540 972 1709 1034 rebus
1749 971 1995 1031 virtutes

429 1056 489 1119 ὃς
514 1053 888 1136 operationes
917 1055 1289 1117 admirabiles
1315 1057 1669 1120 affinxerunt
1695 1082 1716 1144 3
1766 1080 1937 1142 atque
1966 1057 2003 1119 fi

422 1142 655 1224 quando
699 1164 870 1223 opera
915 1142 1291 1202 exhibuerint
1319 1190 1337 1216 ‚
1384 1145 1634 1206 eaillius
1678 1148 2001 1229 suntgene-
2075 1182 2078 1201 1

422 1227 504 1287 ris
524 1275 542 1302 ,
592 1247 654 1288 ut
682 1229 752 1288 ad
806 1227 1256 1288 admirationem
1286 1230 1341 1288 ὃς
1369 1226 1698 1288 novitatem
1728 1276 1743 1304 ,
1792 1253 1910 1290 non
1934 1233 2006 1293 ad

427 1313 686 1376 frufflum
713 1316 769 1374 8<
798 1313 1115 1375 utilitatem
1143 1363 1158 1391 ‚
1205 1315 1652 1378 accommodata
1681 1314 1785 1376 sint
1813 1363 1828 1379 .
2077 1392 2079 1394 q

513 1407 584 1463 In
631 1400 1017 1483 superstitiosa
1041 1423 1236 1460 autem
1286 1402 1488 1485 Magia
1513 1451 1534 1484 ‚
1570 1406 1607 1483 (
1634 1401 1670 1463 sl
1698 1405 1755 1465 δε
1801 1406 1872 1467 de
1894 1403 2006 1469 hac

425 1487 738 1550 dicendum
770 1485 875 1566 sit)
928 1486 1068 1546 illud
1097 1486 1392 1569 imprimis
1417 1487 2004 1558 animadvertendum

423 1576 549 1650 est,
598 1573 706 1634 esse
732 1574 1142 1635 tantummodo
1165 1573 1305 1635 certi
1355 1574 1643 1658 cujusdam
1674 1580 1727 1638 ὅ(
1771 1578 2005 1644 definiti
2068 1588 2079 1592 ’”

425 1660 656 1749 generis
681 1661 934 1744 subjeffla
961 1710 976 1737 ‚
1027 1659 1086 1721 in
1113 1661 1323 1744 quibus
1350 1667 1529 1726 Artes
1575 1665 1806 1728 curiosae
1836 1670 1892 1729 8<
1917 1670 2002 1733 su.

426 1749 761 1834 perstitiosae
786 1800 807 1832 ,
857 1772 957 1834 per
997 1772 1200 1810 ornnes
1251 1751 1540 1813 Nationes
1584 1767 1600 1827 5
1652 1774 1823 1838 atque
1868 1777 2001 1819 aeta·
2051 1798 2077 1815 -ι

426 1859 512 1916 tes
533 1886 549 1913 ,
602 1859 778 1920 atque
806 1838 982 1898 etiam
1013 1836 1327 1920 religiones
1349 1883 1368 1915 ‚
1414 1838 1636 1921 aliquid
1664 1844 1961 1922 potuerint
1981 1889 1996 1905 .

423 1929 633 2008 Itaque
661 1925 760 1986 ista
808 1923 968 1985 miffa
994 1922 1309 1986 faciamus.
1366 1927 1605 1989 {nterim
1647 1928 1733 1988 nil
1779 1931 1998 1994 mirum

426 2012 506 2073 est
528 2059 547 2087 ‚
597 2011 633 2072 fi
660 2011 866 2093 opinio
891 2012 1093 2096 Copiae
1118 2064 1139 2095 ‚
1188 2013 1412 2075 causam
1440 2014 1662 2099 Inopiae
1688 2017 1912 2080 dederit
1934 2066 1953 2086 .

512 2103 861 2162 LXXXVI.
891 2104 1090 2183 Atque
1119 2101 1424 2163 hominum
1447 2103 1826 2165 ‘admirationi
1857 2130 1995 2190 quo.

424 2187 497 2249 ad
524 2188 843 2250 Dof’crinas
887 2190 943 2249 ἃ
975 2193 1152 2249 Artes
1175 2234 1192 2262 ,
1239 2189 1411 2272 perse
1436 2190 1568 2252 satis
1593 2190 1882 2274 simplici,
1932 2196 1993 2256 'Sc

425 2296 603 2358 prope
647 2276 856 2358 puerili
886 2325 902 2353 ,
952 2276 1381 2339 incrementum
1435 2278 1662 2340 acceffit
1692 2283 1762 2340 ab
1787 2304 1990 2343 eorum

427 2361 546 2422 astu
573 2365 629 2423 δε
653 2362 1039 2448 ετῑὶῇεἰο,ε]υἰ
1067 2363 1346 2426 Scientias
1371 2365 1773 2446 trafi‘taverunt
1796 2370 1852 2427 8<
1881 2390 1994 2429 tra-

426 2449 694 2512 diderunt
719 2502 734 2517 .
758 2453 882 2517 -Illi
909 2452 1065 2515 enim
1094 2476 1156 2516 ea
1184 2451 1509 2514 ambitione
1537 2455 1594 2515 δε
1619 2454 1992 2518 affeffitione

427 2560 522 2598 eas
548 2560 876 2620 proponunt
901 2590 916 2617 ‚
966 2563 1137 2625 atque
1163 2541 1223 2604 in
1257 2563 1395 2602 eum
1441 2543 1679 2604 modum
1725 2543 1990 2605 efforma-
2071 2589 2073 2591 -

427 2643 559 2706 tas,
607 2647 671 2686 ac
713 2626 893 2688 veluti
941 2630 1270 2710 personatas
1313 2627 1374 2690 in
1400 2627 1710 2692 hominum
1758 2631 1988 2713 conspe-

431 2712 593 2772 &um
640 2713 1001 2797 producunt,
1051 2740 1115 2778 ac
1144 2717 1179 2777 fi
1227 2716 1337 2779 illae
1362 2716 1526 2778 omni
1574 2743 1651 2780 ex
1677 2739 1837 2802 parte
1863 2740 1986 2801 per·
2052 2733 2056 2738 “

430 2796 598 2859 feaae
641 2798 862 2886 client,
911 2806 964 2862 ἃ
993 2805 1060 2866 ad
1103 2804 1328 2868 exitum
1369 2807 1691 2887 perduc‘a'tae.
1740 2805 1796 2867 Si
1827 2805 1987 2869 enim

421 2884 790 2954 ·Methodum
833 2888 1110 2974 aspiciaS‚
1157 2896 1216 2956 δε
1250 2894 1599 2977 partitiones
1625 2942 1641 2973 ‚
1690 2892 1986 3040 illaespror-

1833 3001 1892 3041 us
