2131 3573
366 111 732 176 NOVUM
793 112 1374 178 ORGANUM.
1482 137 1606 200 231

109 246 240 290 cum
290 250 406 288 non
454 227 683 289 daretur
730 222 781 282 ei
830 222 1051 286 intrare
1102 249 1338 309 propter
1376 232 1710 313 angustiam,

108 339 222 378 non
271 315 512 378 cessavit
561 314 749 392 jacere
799 313 1020 377 multos
1062 315 1294 399 lapillos
1343 364 1358 391 ‚
1409 341 1510 401 per
1557 345 1704 402 quos

104 405 445 490 surgeret&
494 401 821 462 ascenderet
867 425 1057 486 aqua,
1109 425 1172 465 ut
1220 405 1421 467 bibere
1471 410 1701 494 poffetg

103 498 257 579 quod
286 492 471 577 postea
518 489 678 550 ceffit
706 490 766 551 in
798 492 1184 555 proverbium
1212 541 1226 554 .

190 581 476 644 Similiter
522 577 586 638 fit
617 582 842 641 Natura
876 581 1204 666 Inquifita‚
1253 581 1547 651 Vifibile.
1600 590 1703 648 Vi.

101 673 266 734 detur
311 666 557 730 omnino
580 667 691 728 effe
739 668 950 731 divisio
977 695 1115 734 vera
1154 675 1211 734 ὃ(
1239 694 1444 758 certa3
1495 677 1703 748 Lucis,

100 783 226 845 quae
271 759 346 818 est
373 754 622 818 visibile
670 758 961 843 originale
991 810 1010 837 ,
1058 763 1113 821 8<
1164 762 1418 844 primam
1471 765 1700 846 copiam

99 848 241 911 facit
267 846 466 931 visui3
518 849 574 907 δε
622 848 905 925 Coloris‚
953 850 1052 933 qui
1082 850 1159 910 est
1204 851 1453 914 Visibile
1505 853 1702 914 secun-

97 937 363 1012 darium,
414 939 471 996 δ(
521 934 634 997 fine
679 936 807 999 luce
855 961 971 999 non
1023 939 1328 1023 cernitur,
1376 942 1456 1003 ita
1505 964 1565 1003 ut
1615 943 1704 1004 vi-

94 1027 293 1087 deatur
341 1024 609 1087 nilaliud
659 1025 974 1110 essequam
1025 1027 1226 1112 imago
1250 1053 1348 1091 aut
1402 1031 1707 1093 modifica..

96 1115 181 1175 tio
207 1113 388 1175 Lucis
416 1163 430 1178 .
486 1117 774 1174 Attamen
803 1139 873 1176 ex
925 1138 1175 1198 utraque
1203 1140 1362 1199 parte
1411 1119 1561 1179 circa
1594 1130 1705 1181 hoc

97 1203 373 1263 videntur
421 1198 531 1261 effe
575 1201 856 1273 Instantiae
894 1207 1149 1264 Foedere's
1172 1231 1207 1282 ;
1255 1206 1475 1266 scilicet
1504 1256 1519 1281 ‚
1574 1210 1705 1271 Nix

93 1292 158 1352 in
213 1313 418 1374 magna
463 1290 791 1373 quantitate
837 1339 854 1365 ,
925 1295 981 1352 δ(
1033 1292 1302 1354 flamma
1351 1294 1636 1377 sulphuris
1690 1323 1706 1360 :

92 1380 157 1441 in
207 1402 453 1462 quarum
499 1379 682 1437 altera
735 1379 966 1436 videtur
989 1379 1099 1439 effe
1139 1384 1332 1441 Color
1380 1387 1703 1462 primulum

94 1469 291 1529 lucens
320 1516 335 1539 ‚
389 1465 445 1524 in
473 1465 650 1524 altera
678 1466 817 1526 Lux
871 1488 1116 1548 vergens
1142 1469 1210 1526 ad
1262 1468 1524 1530 colorem
1555 1523 1571 1536 ,

188 1557 478 1617 XXXVI.
511 1557 677 1614 Inter
706 1555 1129 1637 Praerogativas
1159 1555 1578 1620 Instantiarum
1611 1586 1705 1646 po.

96 1667 298 1705 nemus
350 1642 483 1703 loco
525 1641 764 1703 decimo
814 1665 1022 1724 quarto
1066 1645 1373 1718 Instantius
1432 1651 1625 1710 Crucis
1668 1680 1707 1728 ,-

97 1733 384 1795 translato
439 1732 731 1793 vocabulo
777 1754 807 1791 a
852 1732 1165 1805 Crucibus,
1217 1757 1342 1817 quae
1390 1740 1594 1799 erefstae
1648 1742 1708 1801 in

92 1821 287 1887 Biviis
314 1873 334 1903 ,
385 1820 648 1881 indicant
678 1823 734 1880 8<
764 1819 985 1904 signant
1038 1821 1266 1884 viarum
1295 1824 1711 1905 separationes,

95 1915 224 1973 Has
274 1910 451 1970 etiam
479 1910 784 1982 Instantius
835 1911 1142 1991 Decisorias
1170 1962 1186 1989 ‚
1234 1915 1307 1972 (9⁴
1337 1919 1706 1993 Judiciales,

95 2003 153 2062 δε
205 1999 265 2060 in
313 1997 557 2060 Casibus
608 1999 906 2058 nonnullis
958 1998 1263 2074 Instantius
1310 2008 1587 2090 oraculi,
1635 2008 1710 2067 (9¹

97 2091 373 2149 Mandant
398 2137 416 2165 ‚
466 2088 756 2171 appellare
782 2087 1193 2150 consuevimus
1221 2142 1236 2156 .
1287 2098 1505 2154 Earum
1556 2096 1708 2157 ratio

98 2177 234 2238 talis
259 2178 380 2238 est.
427 2179 580 2239 Cum
613 2176 669 2238 in
705 2176 1091 2261 Inquisitione
1123 2182 1365 2242 Naturae
1414 2183 1709 2265 alicujusw,
1735 2172 1783 2207 ⁶

94 2266 441 2327 IntellePtus
492 2266 1037 2351 poniturtanquam
1093 2267 1154 2328 in
1178 2270 1590 2352 AEquilibrio,
1642 2296 1704 2335 ut

94 2353 353 2416 incertus
403 2355 467 2416 fit
514 2406 530 2430 ,
603 2356 715 2416 utri
776 2359 1140 2418 Naturarum
1193 2382 1223 2418 e
1269 2361 1486 2421 duabus
1534 2413 1554 2442 ,
1605 2361 1702 2421 vel

97 2447 449 2528 quandoque
494 2446 756 2528 pluribus
803 2494 819 2520 ,
882 2445 1069 2507 Causa
1117 2449 1360 2510 Natutae
1407 2449 1702 2534 inquisitae

99 2533 341 2594 attribui
392 2556 488 2595 aut
537 2534 808 2619 affignari
858 2534 1106 2609 debeat,
1157 2559 1397 2620 propter
1440 2540 1702 2621 complu-

99 2621 254 2683 rium
306 2625 668 2685 Naturarum
720 2624 1062 2685 concursum
1109 2621 1476 2710 frequentem
1526 2631 1703 2687 &or-

101 2708 439 2797 dinarittm3
486 2712 767 2787 Instantiae
789 2714 982 2774 Crucis
1004 2711 1318 2778 ostendunt
1337 2716 1703 2778 consortium

106 2797 276 2859 unius
323 2823 396 2862 ex
425 2804 669 2863 Naturis
720 2801 956 2884 (quoad
984 2805 1274 2867 Naturam
1307 2804 1702 2887 Inquifitam)

106 2885 288 2950 fidum
339 2891 398 2950 δε
443 2888 887 2972 indissolubile,
941 2890 1177 3042 altegius
1223 2916 1418 2958 autem
1471 2893 1737 3044 vargum)

1160 3006 1206 3064 4

1830 2691 1879 2755 1
