2131 3573
337 144 703 212 NOVUM
761 144 1335 204 ORGANUM.
1466 145 1548 224 89

67 266 166 353 qui
200 264 240 347 (
266 261 373 326 nisl
395 283 524 325 raro
567 254 929 336 admodum)
982 255 1084 316 vix
1126 253 1498 315 mediocriter
1543 252 1641 317 do-

70 354 154 420 Εὶί
201 354 328 416 sunt
373 399 389 415 .
456 346 806 427 Quinetiam
857 342 1182 425 hujusmodi
1256 341 1575 424 progressus
1618 391 1638 418 ,

68 467 188 507 non
229 442 412 506 solum
458 433 710 519 praerniis
738 435 793 492 ἃ
846 430 1237 495 beneficentia
1285 428 1592 491 hominum
1621 473 1638 506 ‚

0 590 1 594 ,
72 554 274 594 verum
319 527 496 588 etiam
525 524 641 608 ipsa
690 521 951 606 populari
983 520 1145 582 laude
1188 515 1439 580 destituti
1472 518 1597 577 sunt
1624 564 1638 579 .

0 632 1 635 ’
63 627 214 685 Sunt
257 613 410 678 enim
441 612 527 674 illi
574 612 735 695 supra
762 632 994 693 captum
1039 607 1313 669 maximae
1341 603 1517 690 partis
1545 604 1643 665 ho-

73 711 298 773 minum
323 755 345 787 ‚
367 720 372 724 ’
393 705 452 765 8<
476 703 548 763 ab
591 698 942 784 opinionum
968 695 1299 782 vulgarium
1347 692 1538 755 ventis
1561 691 1641 754 fa·

71 797 183 860 cile
219 796 546 857 obruuntur
569 793 625 851 δ(
670 788 1089 872 extinguuntur
1113 836 1128 851 .
1180 789 1384 867 Itaque
1410 783 1491 844 nil
1542 781 1646 842 mi·

71 908 202 949 rum
245 881 395 944 fires
439 879 541 943 illa
568 902 681 940 non
707 877 967 940 feliciter
1009 873 1381 950 successerit,
1429 895 1552 956 quae
1577 869 1639 932 in

68 974 132 1038 in
157 979 378 1036 honore
403 993 518 1031 non
544 967 655 1029 fuit
683 1015 699 1029 .

67 1096 79 1108 ·
159 1065 354 1124 xcu.
403 1060 511 1122 Sed
540 1059 709 1142 longe
745 1054 1068 1117 maximum
1108 1047 1495 1137 progreffibus
1523 1046 1646 1109 Sci·

68 1150 363 1215 entiarum
393 1197 408 1223 ,
435 1151 487 1209 8<
517 1151 685 1206 novis
710 1145 892 1226 pensis
915 1167 979 1203 ac
1003 1140 1328 1224 provinciis
1355 1140 1412 1199 in
1437 1137 1646 1199 iisdem

69 1236 447 1320 suscipiendis
471 1274 488 1308 3
534 1231 894 1293 obstaculum
922 1277 936 1301 ‚
965 1228 1418 1311 deprehenditur
1440 1226 1501 1287 in
1527 1225 1650 1286 des.»

70 1323 373 1412 peratione
398 1320 704 1383 hominurn
732 1371 753 1401 ‚
802 1321 860 1378 &
906 1316 1289 1399 suppositione
1316 1312 1654 1397 Impoffibi-

73 1414 145 1478 lis
164 1466 181 1480 .
204 1412 402 1474 Solent
427 1407 586 1470 enim
608 1406 722 1466 viri
752 1405 1056 1484 prudentes
1082 1406 1136 1461 &
1164 1402 1346 1461 severi
1374 1401 1432 1461 in
1458 1401 1652 1482 hujus.

76 1501 234 1567 modi
284 1500 450 1560 rebus
474 1494 641 1578 plane
685 1491 951 1553 diffidere
999 1513 1012 1552 ε
1064 1491 1307 1549 Naturae
1333 1487 1654 1549 obscurita-

72 1612 191 1654 tem
218 1639 233 1667 ‚
282 1586 434 1647 Vitae
460 1581 815 1646 brevitatem
843 1624 860 1655 ,
907 1576 1184 1639 Sensuum
1211 1575 1472 1637 fallacias
1498 1624 1514 1652 ,
1562 1579 1656 1653 Ju-

73 1678 212 1743 dicii
241 1672 648 1738 infirmitatem
677 1721 699 1754 ,
747 1666 1313 1752 Experimentorum
1341 1663 1652 1728 difficulta-

0 1839 2 1842 ,
72 1790 200 1843 teS,
245 1768 301 1827 δε
328 1760 538 1828 similia
563 1761 754 1824 secum
794 1775 1122 1842 reputantes
1152 1805 1164 1819 .
1217 1759 1426 1838 Itaque
1452 1751 1651 1815 existi-

71 1872 240 1921 mant
286 1851 394 1914 effe
437 1850 713 1936 quosdam
761 1845 1148 1908 Scientiarum
1199 1893 1213 1919 ‚
1263 1866 1364 1928 per
1425 1864 1650 1926 tempo-

70 1967 201 2008 rum
248 1945 305 2004 8<
344 1961 574 2004 aetatum
604 1934 820 1999 Mundi
866 1932 1301 2010 revolutione5‚
1353 1928 1542 1994 fluxus
1589 1934 1648 1992 δε

71 2031 377 2115 τεΗυΧυε;
424 2051 554 2091 cum
582 2026 711 2088 aliis
757 2021 1120 2107 temporibus
1164 2022 1417 2085 crescant
1462 2017 1651 2083 &flo-

72 2141 280 2197 reant‚
330 2118 458 2180 aliis
504 2115 800 2180 declinent
848 2116 904 2173 δ(
952 2113 1175 2190 jaceant
1220 2135 1232 2173 ε
1284 2110 1364 2172 ita
1408 2129 1650 2184 tamen,

73 2233 138 2272 ut
184 2208 410 2270 eumad
457 2226 678 2268 certum
705 2201 998 2288 quendam
1046 2198 1286 2284 gradum
1328 2200 1385 2260 δ(
1433 2197 1642 2259 statum

74 2296 495 2386 pervenerint,
544 2294 631 2355 nil
654 2291 894 2355 ulter-Ius
922 2287 1132 2373 poffint
1155 2334 1170 2349 .

102 2432 104 2434 v
169 2383 593 2472 Itaquefiquis
619 2382 839 2465 majora
865 2379 1059 2441 credat
1107 2397 1203 2437 aut
1229 2375 1544 2459 spondeat,
1591 2373 1653 2437 id

78 2497 284 2559 putant
323 2475 439 2538 ‘effe
488 2472 779 2554 cujusdam
827 2465 1169 2547 impotentis
1217 2468 1274 2526 δε
1341 2462 1648 2526 immaturi

16 2640 19 2641 ⁷
82 2563 269 2626 animi
297 2587 320 2649 3
366 2585 540 2648 atque
566 2558 892 2642 hujusmodi
924 2577 1162 2617 conatus
1186 2602 1201 2630 ‚
1231 2554 1397 2615 initia
1425 2552 1651 2615 scilicet

81 2652 258 2729 laeta,
305 2654 495 2716 media
542 2652 757 2726 ardua,
810 2667 1070 2709 extrema
1116 2643 1347 2706 confusa
1395 2643 1648 2704 habere.

80 2745 290 2824 Atque
355 2765 485 2804 cum
533 2737 862 2820 hujusmodi
916 2732 1306 2817 cogitationes
1377 2755 1453 2792 eae
1500 2727 1650 2803 fint,

81 2828 292 2912 quaein
339 2830 498 2890 viros
521 2852 727 2914 graves
767 2824 1070 2909 &judicio
1113 2823 1434 2907 praestantes
1478 2814 1653 2877 facile

0 2943 2 2948 ’
82 2918 287 2980 cadant
314 2940 353 3003 3·
387 2917 701 2980 curandum
741 2937 948 2981 revera
992 2911 1113 2999 est,
1161 2933 1232 2973 ne
1276 2908 1360 2972 rei
1407 2904 1649 2992 optirnae

1497 2996 1559 3056 ὃς
