2098 3490
544 99 676 160 214
937 74 1056 132 VE
1083 76 1139 131 R
1165 76 1213 131 U
1233 73 1281 130 L
1303 73 1469 128 AM
1487 71 1568 129 It

451 193 726 255 viationes
769 183 949 248 etiam
974 181 1200 245 facilius
1243 179 1579 244 observabit
1604 230 1622 246 .
1670 181 1757 242 At
1781 182 1968 246 rursus
1993 231 2017 259 ,

453 280 557 363 qui
586 276 944 340 Deviatz'ones
988 270 1220 333 noverit
1247 318 1264 347 ,
1311 270 1357 332 is
1380 268 1698 334 accuratius
1724 269 1863 332 Vias
1910 273 2005 333 de·
2060 279 2089 357 ’ς

456 366 670 430 scribet
695 411 708 425 .

540 458 742 536 Atque
767 451 826 512 in
872 448 979 511 illo
1001 446 1272 509 differunt
1295 445 1471 508 etiam
1489 445 1557 504 ab
1579 441 1867 517 Instantiis
1892 449 2016 504 Ma·
2062 484 2067 495 .

451 542 660 603 nodicts
687 589 700 614 ‚
750 537 904 621 quod
931 535 1117 597 multo
1165 532 1346 617 magis
1385 531 1661 594 instruant
1690 531 1908 592 Praxin
1957 533 2017 591 &
2064 547 2080 555 ⁹

451 627 836 711 Operativam
862 671 875 685 .
927 627 1083 687 Nam
1111 644 1286 684 novas
1311 619 1534 704 Species
1578 640 1846 702 generare
1873 668 1895 698 ,
1935 640 2022 678 ar·-
2080 619 2098 679 ἓ

453 718 632 779 duum
658 714 972 775 admodum
1019 710 1166 771 foret
1195 734 1208 773 ε
1258 729 1315 770 at
1337 707 1563 791 Species
1589 728 1749 766 notas
1774 707 2017 781 variare,
2082 726 2098 773 η

454 808 512 866 8<
559 803 690 865 inde
719 807 867 862 Rara
918 800 1096 860 multa
1121 820 1184 859 ac
1210 795 1483 859 Inusitata
1509 795 1819 877 producere
1843 844 1866 875 ‚
1914 792 2018 852 rni-
2078 794 2098 855 i

453 914 559 951 nus
605 892 849 950 arduum
876 937 893 952 .
940 884 1153 947 Facilis
1177 906 1365 947 autem
1394 881 1657 944 tranfitus
1681 881 1755 942 est
1779 903 1807 941 a
1834 879 2019 941 Mira·
2088 902 2098 938 ε

456 978 600 1038 culis
630 980 868 1038 Naturae
894 975 961 1034 ad
990 972 1281 1034 Miracula
1305 970 1505 1031 Artis.
1555 967 1613 1030 Si
1638 967 1793 1028 enitn
1820 968 2014 1048 depre-
2094 991 2098 1043 :3

453 1063 742 1126 hendatur
785 1059 958 1120 semel
987 1063 1208 1117 Natura
1235 1056 1291 1113 in
1333 1054 1656 1113 variatione
1696 1054 1829 1129 sua,
1880 1053 2019 1134 ejus·
2089 1080 2098 1112 ·.

453 1172 563 1232 que
607 1147 758 1208 ratio
806 1140 1102 1204 manifesta
1140 1137 1375 1215 fuerit5·
1415 1138 1750 1220 expeditum
1792 1139 1904 1199 erit
1952 1163 2020 1201 eo
2093 1166 2098 1197 j

456 1237 735 1299 deducere
763 1234 1055 1293 Naturam
1102 1249 1199 1309 per
1224 1228 1482 1308 Artem,
1528 1245 1649 1307 quo
1684 1245 1782 1306 per
1808 1226 2021 1286 Casum

455 1319 812 1387 aberraverit
837 1364 851 1379 .
902 1321 1110 1399 Neque
1135 1314 1316 1375 solum
1345 1335 1413 1373 eo
1438 1360 1455 1386 ‚
1503 1311 1593 1373 sed
1620 1311 1677 1372 ὃς
1722 1309 2023 1396 aliorsum3

459 1433 593 1474 cum
618 1414 860 1470 Errores
903 1426 977 1464 ex
1000 1425 1110 1462 una
1137 1421 1294 1482 parte
1339 1399 1651 1460 monstrent
1680 1400 1733 1459 8<
1759 1398 2024 1480 aperiant

460 1498 618 1559 viam
646 1496 713 1555 ad
739 1498 974 1553 Eri-ores
1001 1491 1055 1549 ὅ(
1082 1485 1454 1549 Deflexiones
1480 1487 1873 1568 undequaque.
1901 1485 2023 1547 Hic
2089 1519 2098 1543 .·

459 1608 602 1646 vero
629 1579 936 1660 Exemplis
979 1597 1096 1636 non
1122 1574 1199 1634 est
1221 1597 1361 1657 opus
1384 1619 1399 1639 ‚
1452 1594 1685 1656 propter
1709 1573 2023 1636 eorundem
2080 1563 2098 1632 Q<

461 1672 689 1752 copiam
720 1717 734 1730 .
783 1663 1073 1725 Facienda
1101 1661 1254 1721 enim
1303 1662 1378 1721 est
1402 1660 1723 1744 Congeries
1770 1659 1881 1720 five
1910 1660 2023 1721 Hi.
2089 1685 2098 1714 ,⁴

462 1759 632 1822 storia
659 1750 961 1818 Naturalis
1005 1748 1397 1833 particularis,
1443 1747 1711 1808 omnium
1739 1746 2026 1807 Monstro.
2084 1785 2098 1798 Α

464 1869 593 1910 rum
622 1892 637 1918 ,
685 1845 741 1904 &
768 1860 1032 1922 partuum
1061 1838 1301 1898 Naturae
1345 1833 1799 1917 prodigiosorum
1828 1856 1848 1917 3
1895 1856 2021 1894 om·
2060 1839 2064 1843 ’
2092 1870 2098 1909 ¹.

465 1932 554 1994 nis
599 1922 1181 2009 denique-Novitatis
1207 1971 1223 1997 ‚
1272 1925 1327 1983 &
1356 1920 1679 1995 RaritatiS‚
1728 1922 1781 1980 ὃ(
1814 1926 2024 1980 Incon·
2092 1966 2095 1969 Α

467 2018 606 2084 sueti
653 2017 714 2077 in
740 2018 966 2077 Natura
994 2062 1008 2077 .
1058 2014 1192 2073 Hoc
1219 2032 1355 2070 vero
1397 2008 1726 2070 faciendum
1771 2008 1849 2069 est
1892 2030 2031 2069 cum
2094 2049 2098 2063 ⁴

468 2103 822 2170 severissimo
863 2100 1091 2162 deleehi
1118 2146 1133 2175 ‚
1183 2117 1241 2157 ut
1267 2096 1481 2157 constet
1529 2095 1703 2158 fides.
1752 2093 2027 2157 Maxime

469 2215 660 2257 autem
684 2191 946 2252 habenda
991 2187 1117 2248 sunt
1144 2208 1247 2269 pro
1271 2183 1538 2265 suspeffls
1564 2232 1580 2258 ,
1627 2205 1751 2265 quae
1775 2183 2027 2265 pendent

471 2280 999 2365 quomodocunque
1023 2297 1055 2335 a
1083 2270 1392 2355 Religione
1413 2294 1434 2356 3
1459 2291 1519 2330 ut
1549 2269 1816 2353 Prodigia
1839 2269 2026 2332 Livii:
2096 2338 2098 2341 Α

471 2372 601 2431 Nec
629 2367 977 2446 minus,quae
1002 2359 1378 2423 inveniuntur
1402 2359 1458 2418 in
1487 2356 1875 2438 Scriptoribus
1900 2358 2030 2416 Ma·
2094 2348 2098 2373 ²

475 2457 582 2540 giae
608 2451 908 2537 Natufalis
933 2498 948 2523 ‚
997 2470 1092 2510 aut
1118 2448 1294 2510 etiam
1325 2443 1656 2521 Alcbymiae
1691 2492 1706 2518 ,
1756 2446 1811 2504 δε
1836 2443 2030 2523 hujus.

477 2539 635 2606 modi
681 2539 1061 2621 hominibu33
1110 2534 1209 2619 qui
1235 2554 1506 2616 tanquam
1554 2531 1715 2614 proci
1741 2530 1868 2593 sunt
1892 2533 1949 2592 8<
1976 2554 2029 2590 a·

481 2649 725 2711 matures
750 2624 1072 2686 fabularum
1098 2669 1113 2683 .
1138 2622 1246 2683 Sed
1271 2619 1656 2702 depromenda
1680 2617 1805 2681 sunt
1829 2617 1928 2680 illa
1954 2638 2025 2676 ex

479 2713 640 2806 gravi
668 2715 724 2773 &
771 2709 879 2771 fida
904 2709 1198 2786 Historia,
1246 2712 1300 2769 &
1327 2705 1719 2775 auditionibus
1761 2699 1967 2768 ce‘rtis.

567 2804 753 2863 XXX.
805 2801 962 2860 luter
1005 2796 1412 2879 Praerogativas
1455 2793 1842 2870 instantiarum
1866 2839 1883 2867 ‚
1930 2810 2024 2871 po-

1851 2897 1941 2939 ne-
