2131 3573
2 227 15 302 l

355 51 719 129 NOVUM
777 43 1357 115 ORGANUM.
1453 62 1576 129 293

68 183 442 257 tinosotum,
491 180 549 240 &
581 168 905 257 ejusmodi.
954 166 1063 229 Sed
1090 164 1352 228 maxime
1400 160 1676 221 omnium

71 276 128 339 se
174 260 787 348 ostendit¹Appetitus
857 257 959 320 iste
1007 305 1024 335 ,
1098 254 1133 315 si
1193 247 1683 315 Discontinuatio

2 356 15 372 ⁸
74 383 339 425 tentetur
385 349 654 441 usquead
704 347 1028 411 fracss’tiones
1072 342 1376 406 minores,
1430 342 1590 403 Nam
1617 337 1684 399 in

0 518 13 555 l

0 446 12 459 ’
74 447 396 514 Mortariis
445 492 463 522 ,
529 439 652 526 post
703 435 1113 500 contusionem
1165 433 1234 493 ad
1282 451 1508 491 certum
1558 448 1687 511 gra·-

71 542 255 616 dum,
311 558 425 598 non
471 529 723 613 amplius
770 546 1045 611 operatur
1089 518 1384 584 Pistillum
1441 542 1454 577 ε
1507 522 1689 599 Aqua

0 624 23 692 ῗ.
71 648 192 691 non
259 623 545 689 subintrat
592 617 772 679 rimas
848 615 1103 676 minores
1155 635 1168 673 :
1218 608 1387 687 Quin
1454 608 1510 664 ὃς
1563 604 1683 684 ipse

0 697 13 734 1

73 725 241 793 Aer,
288 734 402 774 non
450 708 717 770 obstante
767 702 1099 767 subtilitate
1147 697 1412 780 corporis
1464 693 1682 776 ipsius,

0 802 10 824 ²
82 813 258 870 Poros
283 799 570 862 Vasorum
626 794 798 881 paulo
827 790 1172 854 solidiorum
1229 809 1344 847 non
1375 780 1685 867 pertransit

0 892 7 974 f
70 893 302 966 subite,
350 910 457 951 nec
503 883 609 948 nifi
660 907 758 968 pet·
797 882 1132 944 diuturnam
1187 872 1641 935 inlinuationem
1672 917 1686 930 .

0 1108 30 1261 Ji

159 982 246 1042 Sit
276 982 486 1041 Motus
537 977 776 1056 sextuS‚
826 974 1033 1032 Motus
1081 989 1256 1051 quem
1311 960 1688 1023 nominamus

73 1073 321 1133 Motum
366 1070 442 1126 ad
467 1073 748 1135 Lucrum,
800 1059 916 1120 five
944 1060 1186 1118 Motum
1214 1051 1581 1134 Indigentiae.
1635 1053 1691 1108 ls

77 1161 200 1232 est,
250 1178 355 1237 per
398 1174 575 1237 quern
602 1153 872 1232 Corpora
903 1195 920 1222 ‚
970 1144 1207 1228 quando
1255 1139 1561 1200 versantur
1611 1134 1695 1196 in-

82 1270 171 1309 ter
221 1246 389 1329 plane
415 1246 828 1322 Heterogenea
876 1230 1120 1316 &quasi
1169 1227 1462 1303 inimica,
1514 1224 1695 1286 slfor-

78 1359 136 1397 te
184 1331 590 1394 nanciscantur
615 1326 848 1407 copiam
900 1344 996 1382 aut
1024 1317 1515 1380 commoditatem
1571 1314 1695 1375 evi-

13 1455 21 1486 >
79 1423 240 1486 tandi
292 1420 394 1482 illa
418 1422 832 1495 Heterogenea
861 1459 879 1490 ,
929 1411 985 1467 δε
1012 1407 1067 1466 se
1117 1404 1449 1487 applicandi
1482 1403 1548 1463 ad
1578 1427 1694 1463 ma-

0 1514 27 1581 Σ

80 1512 168 1598 gis
214 1529 510 1595 cognata,
560 1497 873 1585 (licetilla
925 1494 1043 1578 ipsa
1093 1514 1345 1576 cognata
1395 1490 1538 1552 talia
1579 1490 1698 1551 fue-

12 1586 28 1610 ⁵
87 1621 209 1662 rint
236 1649 253 1676 ,
301 1613 424 1681 quae
453 1615 567 1655 non
621 1591 872 1652 habeant
899 1583 1129 1647 arastum
1186 1579 1530 1643 consensum
1559 1602 1697 1641 cum

50 1687 262 1774 ipsis)
313 1706 510 1748 tamen
561 1679 757 1742 statim
808 1700 873 1738 ca
918 1671 1361 1756 amplec‘luntut·
1403 1719 1419 1746 ,
1470 1672 1526 1729 8<
1576 1689 1700 1729 tan.

83 1800 259 1864 quam
310 1774 540 1860 potiora
567 1768 795 1832 malunt
825 1790 845 1850 3
897 1765 951 1824 &
981 1758 1161 1824 Lucri
1191 1760 1324 1820 loco
1377 1758 1571 1839 (unde
1600 1782 1705 1817 vo.

0 1890 5 1911 '
85 1865 357 1932 cabulum
386 1856 779 1944 sumpsimus)
822 1857 931 1914 hoc
962 1874 1177 1933 ponere
1205 1849 1523 1920 videntur,
1576 1870 1699 1908 tan,

87 1979 267 2040 quam
319 1952 527 2014 talium
578 1966 896 2031 corporum
954 1941 1190 2024 indiga.
1242 1936 1524 2013 Exempli
1575 1960 1702 2020 gra.

0 2066 2 2106 ζ
94 2067 179 2107 tia
231 2068 244 2107 :
297 2046 575 2113 Aurum,
626 2053 725 2098 a'ut
770 2030 929 2095 aliud
978 2029 1300 2092 Metallum
1350 2025 1633 2087 foliatum
1684 2075 1700 2100 ‚

0 2214 1 2218 Ἰ
91 2154 211 2195 non
258 2129 586 2193 delectatur
611 2149 742 2188 aere
794 2118 1194 2185 circumfuso,
1247 2113 1524 2200 Itaquesi
1576 2138 1727 2175 corn

92 2245 194 2308 pus
242 2218 483 2305 aliquod
527 2214 816 2301 tangibile
864 2215 922 2272 ὃς
970 2206 1214 2270 craffum
1290 2203 1702 2281 nanciscatur,

92 2315 207 2395 (ut
252 2308 503 2394 digitum
533 2357 549 2382 ,
600 2324 881 2389 papyrum
911 2350 929 2376 ,
976 2297 1213 2382 quidvis
1257 2294 1462 2374 aliud)
1515 2292 1702 2355 adhae-

26 2438 31 2467 ,·
94 2421 186 2462 ret
209 2399 447 2475 statim,
497 2419 601 2457 nec
650 2393 823 2455 facile
872 2387 1232 2452 divellitur.
1282 2383 1483 2445 Etiam
1527 2405 1707 2466 papy-

96 2512 229 2561 ruS,
279 2511 376 2551 aut
425 2509 687 2570 pannu3‚
737 2486 794 2544 8(
842 2475 1173 2558 hujusmodi
1218 2524 1234 2551 ‚
1284 2497 1399 2535 non
1452 2473 1598 2533 bene
1648 2471 1704 2531 se

0 2595 8 2606 '
98 2579 313 2640 habent
365 2600 497 2639 cum
524 2599 653 2666 aere
701 2572 798 2657 qui
830 2567 1105 2631 inleritur
1153 2561 1576 2626 &commistus
1624 2562 1703 2619 est

100 2665 162 2727 in
190 2664 442 2749 ipsorum
472 2663 631 2746 poris
661 2715 676 2730 .
728 2665 935 2742 Itaque
967 2663 1199 2739 Aquam
1252 2675 1346 2714 aut
1377 2650 1701 2733 Liquorem

105 2754 682 2816 libenterimbibunt
713 2801 726 2825 ,
775 2752 830 2811 ὃς
862 2750 1082 2809 Aerem
1131 2740 1535 2803 exterminant
1562 2788 1577 2801 .
1627 2743 1704 2798 E.

30 2904 32 2919 ζ
105 2844 246 2905 tiam
274 2844 620 2907 Saccharum
650 2891 666 2919 ,
716 2861 811 2903 aut
835 2835 1088 2923 Spongia
1136 2830 1322 2894 infusa
1368 2828 1430 2891 in
1457 2832 1704 2908 Aquam

969 2927 1008 2986 ‘I
1121 2944 1154 3007 3
1515 2936 1613 2977 aut
