2131 3573
650 156 1076 223 OPERIS.
1553 188 1587 247 2

1549 246 1572 254 b

0 251 203 352 *jquid
229 268 400 331 nobis
421 263 673 331 velimus
697 322 718 353 ‚
764 294 862 333 aut
887 276 1056 358 quale
1083 271 1145 335 lit
1185 273 1329 341 illud
1354 301 1497 364 opus
1523 290 1683 370 quod

2 343 347 419 ³'animo&
387 355 753 440 cogitatione
800 364 1262 447 complessimur
1291 369 1356 450 :)
1399 394 1683 455 perpetuo

9 431 16 468 ²
57 447 230 508 nobis
273 468 418 508 curae
444 445 557 507 erit
584 495 600 522 ‚
651 470 747 510 aut
795 473 1076 537 praecepta
1106 455 1434 539 hujusmodi
1466 465 1681 546 Operis

4 518 13 555 ⁵
55 533 402 597 conficiendi
435 586 455 616 ,
503 558 604 597 aut
631 538 813 601 etiam
845 563 1066 625 partem
1114 547 1316 629 operis
1360 548 1532 632 ipsius
1560 556 1679 635 jam

53 647 85 685 a
111 622 278 686 nobis
323 621 657 687 confefflm
687 677 703 702 ,
753 630 822 691 ad
850 633 1189 718 exemplum
1237 636 1422 699 totius
1448 640 1678 724 subjun-

51 735 188 796 gere
235 734 251 773 :
301 732 363 772 ut
404 712 472 774 'in
505 714 740 801 singulis
762 741 860 780 aut
901 745 1077 802 opera
1105 745 1202 788 aut
1227 727 1474 790 consilio
1518 732 1679 813 juve-

0 813 11 823 “
52 823 212 862 mus.
260 802 498 863 Etenim
528 809 713 868 etiam
740 809 808 869 ad
839 812 1087 876 nostram
1117 814 1627 884 existimationem
1660 873 1676 897 ,

0 891 9 904 ‘
48 910 162 950 non
205 888 391 952 solum
435 892 697 956 aliorum
731 896 1059 963 utilitatem
1107 904 1399 986 pertinere
1446 913 1676 992 putavi-

0 965 172 1040 ''mus
219 1002 242 1063 3
313 1001 386 1041 ne
430 982 560 1066 quis
606 986 928 1052 arbitretur
976 1039 993 1069 ‚
1043 991 1237 1056 levem
1288 996 1552 1081 aliquam
1601 1003 1673 1064 de

0 1063 362 1151 inst'iusmodi
414 1073 587 1134 rebus
612 1074 923 1141 notionem
955 1102 1217 1147 mentem
1243 1087 1495 1150 nostram
1541 1112 1670 1174 per-

2 1154 383 1243 'strinxiffeg
433 1181 608 1243 atque
655 1166 938 1243 effei'lla‚
987 1193 1118 1253 quae
1160 1174 1551 1239 desideramus
1599 1204 1666 1242 ac

30 1244 373 1324 ‹prensamus
399 1295 415 1320 ,
467 1270 750 1331 tanquam
799 1256 955 1313 votis
1001 1257 1213 1321 fimilia
1239 1310 1256 1325 .
1305 1268 1392 1324 Ea
1417 1289 1559 1326 vero
1585 1291 1667 1329 ta-

45 1331 118 1391 lia
146 1331 272 1392 sunt
295 1380 311 1407 ‚
357 1355 607 1416 quorum
632 1338 691 1397 &
720 1361 891 1418 penes
921 1342 1192 1406 homines
1242 1349 1398 1428 (nisi
1424 1351 1526 1414 fibi
1557 1355 1662 1439 ipsi

0 1410 1 1436 ³
44 1417 266 1499 delint)
313 1423 560 1502 potestas
605 1424 774 1503 plane
822 1425 932 1508 sug
984 1433 1040 1488 8<
1073 1452 1180 1490 nos
1228 1437 1378 1513 apud
1425 1441 1660 1504 nosmet

43 1508 327 1568 rationem
353 1509 643 1590 quandam
673 1532 896 1573 certam
928 1517 985 1575 ὃς
1034 1519 1394 1602 explicatam
1449 1525 1686 1591 habea-v

28 1618 199 1656 mus.
250 1598 463 1680 Neque
510 1597 677 1660 enim
723 1601 992 1686 regiones
1043 1608 1244 1671 metiri
1295 1611 1538 1693 aniam,
1591 1642 1655 1680 ut

28 1687 300 1766 :Augures
344 1733 362 1760 ‚
413 1685 804 1770 auspiciorum
854 1694 1019 1755 causa
1069 1720 1083 1755 :
1136 1697 1228 1760 sed
1275 1699 1536 1784 intrare,
1588 1731 1652 1770 ut

27 1769 224 1846 Duces
265 1823 287 1856 ‚
335 1778 711 1858 promerendi
759 1780 985 1860 studio,
1034 1784 1424 1872 suscepimuS.

285 1954 483 2034 estque
509 1955 616 2015 haec
653 1957 840 2038 prima
865 1962 1060 2043 Operis
1096 1986 1236 2048 pars
1261 1969 1335 2042 est
1359 2021 1375 2036 .

27 2128 30 2161 ³
113 2127 299 2189 Porro
341 2132 713 2212 praetervefifi
742 2137 917 2200 Artes
942 2158 1165 2202 veteres
1191 2194 1210 2224 ,
1259 2146 1637 2213 Intellefflum

38 2221 342 2279 'aumanum
391 2219 461 2281 ad
506 2221 921 2303 trajiciendum
967 2227 1314 2294 instruemus
1361 2283 1375 2297 .
1451 2241 1638 2303 Desti·

37 2322 195 2365 ‘natur
235 2305 436 2390 itaque
464 2310 621 2372 Parti
670 2312 926 2378 secundae
977 2319 1269 2382 Doffiina
1318 2324 1388 2385 de
1434 2329 1637 2390 melio-

25 2393 161 2458 re&
208 2396 563 2478 perfefstiore
603 2401 703 2463 usu
749 2406 996 2480 rationis
1042 2408 1101 2467 in
1131 2412 1348 2473 Rerum
1377 2413 1636 2500 {inquifi-

23 2465 181 2556 lione
224 2532 241 2560 ‚
290 2487 349 2546 δε
393 2489 463 2548 de
506 2491 747 2554 auxiliis
791 2495 946 2559 veris
971 2496 1310 2562 Intellefflus
1347 2527 1375 2565 c
1428 2528 1488 2566 ut
1537 2531 1639 2591 per

22 2557 133 2651 ἕως
182 2573 512 2657 (quantum
560 2581 830 2644 conditio
874 2585 1257 2650 humanitatis
1302 2613 1370 2652 ac
1417 2616 1632 2657 morta-

46 2655 207 2718 itatis
252 2663 513 2745 patitur)
565 2669 859 2735 exaltetur
908 2675 1290 2756 IntelleRus,
1340 2684 1398 2743 8<
1446 2683 1628 2745 facul-

35 2765 139 2806 :ate
183 2751 577 2833 amplificetur
600 2759 671 2821 ad
700 2763 940 2825 Naturae
986 2766 1158 2828 ardua
1185 2770 1242 2829 ὃ(
1270 2770 1512 2834 obscura
1538 2774 1624 2835 su-

35 2837 266 2898 )eranda
293 2887 309 2904 .
354 2844 560 2928 Atque
601 2848 681 2926 est
705 2873 768 2912 ea
795 2900 812 2928 ,
857 2875 1032 2936 quam
1075 2857 1416 2922 adducimus
1442 2909 1458 2936 ‚
1504 2864 1626 2923 Ars

36 2927 222 3005 squam
270 2933 774 3014 Interpretationem
798 2946 1029 3004 Naturae
1052 2947 1341 3029 appellare
1386 2950 1621 3013 consue-

991 3036 1049 3096 A
1142 3061 1180 3102 2.
1450 3038 1533 3100 vi-
