2131 3573
370 95 742 154 NOVUM
797 97 1372 162 ORGANUM.
1489 109 1616 186 107

112 203 365 292 negotiis
409 202 919 289 occupatiffirnutn
950 256 964 282 ‚
1017 231 1118 269 nec
1168 207 1336 270 firma
1385 211 1702 280 admodum

110 296 443 359 valetudine
491 343 510 370 ,
581 296 797 378 (quod
850 319 1122 380 magnum
1175 298 1349 360 habet
1418 304 1704 386 temporis

49 458 53 459 ff
110 381 518 470 dispendium)
569 383 825 466 atquein
877 385 979 447 hac
1010 409 1066 447 re
1115 385 1285 469 plane
1311 393 1705 474 Protopirum,

110 478 168 537 &
213 469 451 555 vestigia
498 471 717 532 nullius
760 471 1063 555 sequutum
1107 527 1129 557 ,
1177 499 1365 559 neque
1409 478 1529 540 haec
1578 481 1704 566 ipsa

110 585 243 624 cum
292 561 411 622 ullo
459 559 801 621 mortalium
854 564 1392 627 communicantem
1439 588 1464 652 ς
1514 570 1572 629 &
1619 590 1703 632 ta-

112 674 242 713 men
287 670 484 721 veram
539 647 694 710 viam
723 649 1049 715 constanter
1105 653 1416 737 ingr-eifum
1447 705 1462 731 ‚
1511 660 1570 717 ὅ(
1615 656 1704 720 in-

106 737 341 825 genium
368 738 538 800 rebus
566 737 1015 801 submittentem
1045 791 1058 817 ,
1111 740 1228 803 haec
1259 742 1373 827 ipsa
1421 744 1705 828 aliquate-

104 848 208 889 nus
252 827 362 911 (ut
389 826 839 907 existimamus)
887 829 1256 912 provexiffe:
1310 837 1381 893 Et
1423 833 1699 919 deinceps

104 913 342 978 videant
386 963 403 991 ,
475 915 617 1001 quid
661 918 736 979 ab
784 916 1129 980 hominibus
1173 919 1305 983 otio
1350 923 1702 986 abundanti-

102 1004 204 1066 bus
250 1051 268 1082 ,
333 1024 510 1089 atque
557 1027 590 1066 a
632 1004 935 1069 laboribus
982 1007 1332 1071 consociatis
1379 1060 1396 1087 ‚
1446 1032 1631 1096 atque
1665 1036 1703 1075 a.

98 1112 431 1176 temporum
478 1092 874 1177 fucceffione,
923 1098 1045 1178 post
1070 1097 1190 1160 haec
1237 1097 1463 1162 indicia
1507 1100 1703 1163 nostra.

98 1181 533 1264 expePtandum
581 1180 651 1242 fit
699 1205 723 1266 3
772 1183 1091 1264 praesertim
1137 1183 1200 1248 in
1247 1186 1346 1248 via
1403 1211 1534 1272 quae
1576 1212 1705 1253 non

101 1266 336 1351 fingulis
359 1267 731 1330 solummodo
780 1271 976 1351 pervia
1003 1272 1080 1333 est
1103 1320 1121 1349 ‚
1173 1274 1283 1355 (ut
1309 1273 1377 1336 fit
1415 1277 1477 1339 in
1505 1275 1604 1340 via
1629 1276 1699 1340 il.

98 1356 154 1417 Ia
182 1353 507 1433 rationali)
558 1355 650 1415 sed
697 1357 798 1417 ubi
848 1358 1159 1420 hominum
1198 1359 1430 1425 labores
1478 1368 1696 1448 &ope-

95 1467 170 1505 rae
221 1440 584 1526 (praesertim
609 1463 901 1522 quantum
953 1446 1020 1503 ad
1052 1446 1447 1527 Experientiae
1491 1454 1698 1515 Colle-

96 1534 251 1594 Elam
277 1532 299 1613 )
325 1528 554 1614 optime
579 1527 844 1590 distribui
875 1577 890 1605 ‚
938 1532 994 1591 8<
1022 1532 1230 1594 deinde
1254 1538 1540 1618 componi
1567 1541 1694 1624 pos.

97 1619 240 1682 fint.
288 1620 453 1680 Turn
478 1614 637 1679 enim
685 1617 957 1681 homines
983 1619 1136 1683 vires
1180 1621 1305 1686 suas
1341 1623 1502 1688 noss'e
1545 1627 1693 1696 inci-

94 1708 295 1791 pient,
346 1728 483 1769 cum
528 1728 649 1769 non
693 1708 897 1772 eadem
943 1706 1168 1778 infiniti
1216 1759 1235 1789 ,
1284 1712 1379 1777 sed
1425 1714 1540 1779 alia
1584 1718 1690 1781 alii

90 1795 483 1881 praestabunt‘.

180 1889 412 1950 CXIV.
462 1883 768 1950 Postremo
812 1932 830 1961 ‚
877 1884 1102 1947 etiamsi
1150 1888 1342 1953 multo
1386 1889 1691 1958 infirmior

94 1975 154 2034 &
198 1970 506 2034 obscurior
547 1995 687 2035 aura
731 1971 861 2056 Spei
909 1976 980 2034 ab
1024 1976 1130 2049 ista
1176 2004 1326 2042 nova
1362 1984 1689 2045 Continent:
1963 2039 1967 2041 Α

92 2060 402 2145 spiraverit
428 2084 448 2145 3
496 2081 693 2122 tamen
717 2061 969 2124 omnino
994 2066 1418 2147 experiendum
1442 2069 1552 2134 effe
1577 2072 1694 2155 (ni-
1974 2131 1980 2137 .
2007 2081 2131 2140 «Α

76 2149 135 2210 ..fi
165 2149 413 2212 velimus
459 2149 645 2212 animi
673 2149 784 2212 effe
830 2150 999 2235 plane
1023 2152 1289 2238 abjetffi)
1339 2158 1683 2226 statuimus,
1879 2155 1960 2226 ‘r
1994 2164 2029 2181 ''

98 2242 241 2302 Non
291 2234 451 2300 enirn
499 2261 587 2301 res
632 2239 753 2324 pari
805 2240 1065 2324 periculo
1111 2266 1228 2305 non
1275 2266 1574 2326 tentatur,
1622 2253 1684 2313 δε
1932 2252 1936 2264 ²

95 2350 213 2389 non
258 2326 564 2415 succedit3
613 2351 744 2393 cum
774 2328 832 2391 in
882 2329 985 2392 illo
1014 2379 1030 2407 ,
1078 2329 1334 2417 ingentis
1381 2336 1568 2422 boni3
1618 2338 1686 2401 in

93 2416 249 2492 hoc,
297 2416 519 2502 exiguae
565 2418 830 2481 humanae
871 2442 1058 2504 operae
1105 2421 1327 2502 jaRura
1372 2447 1679 2496 vertatur.

95 2508 322 2568 Verum
369 2529 442 2568 ex
485 2505 707 2592 dietis,
753 2529 926 2592 atque
968 2507 1150 2572 etiam
1194 2534 1268 2573 ex
1293 2535 1409 2577 non
1457 2515 1676 2595 dietis,

97 2592 286 2656 visum
331 2594 408 2657 est
432 2595 652 2680 nobiS,
696 2597 809 2680 spei
839 2598 1063 2660 abunde
1108 2598 1362 2680 subess‘e,
1410 2627 1526 2664 non
1554 2626 1678 2666 tan-

96 2701 223 2743 tum
246 2682 477 2746 homini
505 2684 734 2748 strenuo
757 2687 825 2749 ad
871 2686 1332 2770 experiendum,
1378 2691 1680 2757 sedetiam
1819 2726 1836 2752 o

95 2769 367 2854 prudenti
396 2774 453 2834 8<
478 2772 676 2837 sobrio
719 2776 787 2838 ad
815 2776 1158 2841 credendum
1183 2825 1198 2842 .

186 2859 387 2927 CXV.
433 2864 640 2948 Atque
660 2863 732 2929 de
775 2863 1172 2952 desperatione
1199 2866 1500 2948 tollenda,
1546 2892 1672 2956 quae

1496 2983 1586 3023 in-
