2131 3573
499 137 1246 202 ‘PRAEFATIQ
1476 149 1563 212 lx

84 250 449 344 primisipfis
471 249 740 311 sensuum
790 253 1263 338 percepti-onibus
1307 278 1459 321 certa
1485 262 1663 327 ratim

85 369 159 410 ne
201 339 503 410 munienda
530 387 548 403 .
603 342 811 424 Neque
860 342 976 403 haec
1006 366 1082 405 ita
1129 343 1467 426 accipienda
1493 349 1616 413 sunt
1645 403 1663 430 ‚

84 457 151 498 ac
193 433 233 495 fi
272 427 418 494 nihil
453 427 701 489 omnino
741 449 829 491 tot
878 432 1092 502 saeculis
1138 431 1318 494 tantis
1359 432 1659 501 laboribus

19 530 21 539 “
82 522 277 587 &aum
321 515 389 578 fit
436 566 452 583 .
526 520 737 601 Neque
779 517 935 579 enim
994 545 1196 587 eorum
1243 545 1370 606 quae
1417 521 1662 589 inventa

82 613 207 674 sunt
231 655 250 685 ‚
295 628 400 668 nos
425 606 718 688 poenitet.
769 611 972 691 Atque
1016 608 1241 693 antiqui
1273 632 1430 674 certe
1459 611 1520 680 in
1545 612 1620 675 iis
1646 662 1665 689 ‚

80 720 202 784 quae
225 697 284 758 in
329 694 572 780 ingenio
614 698 671 756 8<
721 696 1104 760 meditatione
1149 698 1429 763 abstraffla
1480 702 1663 783 posita

81 791 200 850 sunt
250 832 266 858 ,
318 781 618 846 mirabile-s
664 783 719 845 se
764 783 923 847 viros
968 786 1278 870 praestitere
1323 835 1336 849 .
1389 794 1612 851 Verum
1644 839 1663 867 ,

77 872 565 958 quemadmodum
594 871 813 935 saeculis
841 873 1134 956 prioribus
1158 929 1179 958 ,
1229 898 1360 938 cum
1387 877 1663 942 homines

75 963 133 1025 in
157 961 489 1045 navigando
513 983 614 1046 per
640 959 930 1023 stellarum
960 985 1186 1027 tantum
1214 964 1659 1030 observationes

73 1049 296 1112 cursum
355 1050 685 1135 dirigebant
730 1102 752 1136 ‚
820 1052 1036 1114 veteris
1099 1054 1230 1116 sane
1275 1055 1662 1119 Continentis

71 1163 199 1200 oras
225 1138 412 1222 legere
457 1160 770 1223 potuerunt
800 1190 816 1216 ‚
865 1162 967 1205 aut
995 1141 1182 1206 maria
1208 1143 1403 1228 aliqua
1431 1145 1662 1208 minora

71 1230 132 1290 &
179 1229 607 1289 mediterranea
668 1227 939 1290 traiicere
987 1255 1012 1314 3
1081 1231 1414 1315 priusquam
1462 1257 1658 1297 autem

71 1318 340 1375 Oceanus
387 1313 753 1376 traiiceretur
797 1361 814 1389 ‚
869 1317 926 1373 8<
972 1318 1116 1376 novi
1159 1319 1340 1377 Orbis
1384 1320 1655 1403 regiones

71 1402 517 1487 detegerentur,
564 1399 790 1462 necess'e
812 1398 966 1472 fuit,
1016 1400 1179 1462 usum
1205 1422 1340 1463 aeus
1364 1407 1613 1469 nauticae
1641 1457 1657 1485 ,

68 1509 131 1551 ut
153 1490 357 1550 ducem
386 1488 493 1550 viae
519 1483 705 1568 magis
750 1483 928 1546 fidum
955 1531 972 1560 ,
1021 1488 1077 1546 &
1106 1506 1334 1548 certum
1361 1535 1378 1563 ,
1426 1487 1662 1556 innotu.

65 1574 170 1638 isse
219 1602 232 1638 ;
287 1574 460 1635 simili
503 1573 730 1656 prorsus
772 1572 1042 1651 ratione,
1088 1597 1217 1659 quae
1261 1574 1557 1662 hucusque
1597 1578 1661 1642 in

69 1662 318 1727 Artibus
343 1666 398 1725 8<
424 1662 703 1725 Scientiis
747 1661 985 1724 inventa
1013 1661 1144 1725 sunt
1168 1712 1187 1742 ‚
1233 1687 1299 1727 ea
1325 1663 1663 1749 hujusmodi

68 1753 195 1815 sunt
238 1799 253 1825 ,
306 1771 368 1814 ut
414 1753 513 1814 usu
562 1800 577 1827 ‚
627 1751 1053 1828 meditatione,
1103 1751 1518 1839 observand0‚
1566 1781 1658 1820 ar,

64 1842 505 1925 guntamundo,
558 1838 799 1924 reperiri
857 1840 1159 1924 potuerint
1204 1866 1227 1925 3
1277 1862 1480 1927 utpote
1530 1869 1659 1928 quae

72 1927 324 1991 senfibus
369 1927 639 2010 propiora
670 1928 775 1989 sint
803 1976 819 2004 ‚
869 1933 924 1991 ὅ(
953 1932 1373 1993 communibus
1397 1931 1652 1996 notioni-

69 2016 176 2079 bus
219 2015 339 2078 fere
381 2016 713 2095 subjaceant
764 2040 778 2077 ε
830 2038 1139 2098 antequam
1185 2043 1329 2082 vero
1373 2023 1442 2083 ad
1469 2044 1655 2084 remo·

74 2104 224 2166 tiora
250 2108 306 2164 8<
332 2102 654 2166 occuitiora
685 2107 925 2168 Naturae
964 2106 1140 2168 liceat
1177 2109 1466 2192 appellere
1489 2159 1507 2186 ‚
1556 2134 1654 2172 ne·

70 2192 310 2256 ceffurio
336 2191 693 2273 requiritur,
743 2213 805 2254 ut
833 2192 1044 2257 melior
1066 2198 1122 2256 δε
1151 2196 1467 2279 perfeEtior
1491 2219 1655 2260 men-

73 2279 232 2342 tis&
281 2281 616 2344 intelleffius
663 2281 904 2345 humani
953 2282 1161 2347 usus&
1206 2286 1659 2369 adoperatioin-

73 2371 453 2437 troducatur.
1366 2407 1371 2412 ·

165 2460 296 2519 Nos
343 2479 500 2522 certe
548 2480 766 2523 aeterno
813 2460 1103 2524 Veritatis
1150 2484 1347 2530 amore
1389 2464 1655 2545 deviffl,

76 2544 303 2609 viarum
334 2545 577 2610 incertis
603 2551 658 2610 δε
687 2549 881 2612 arduis
905 2597 922 2626 ,
970 2553 1027 2612 8<
1052 2550 1459 2617 solitudinibus
1483 2602 1500 2631 ‚
1547 2578 1656 2618 nos

76 2632 476 2699 commifimus
503 2660 524 2721 3
573 2639 630 2698 8<
655 2637 896 2704 Divino
920 2639 1145 2702 auxilio
1167 2639 1298 2702 freti
1327 2643 1384 2704 ἃ
1409 2641 1604 2717 innixj
1630 2689 1648 2720 ,

75 2742 334 2785 mentem
375 2725 633 2787 nostram
660 2771 677 2802 ‚
725 2730 782 2787 ἃ
809 2749 1010 2789 contra
1050 2727 1400 2810 opinionum
1427 2729 1653 2792 violen.

42 2806 189 2881 ‚tias
220 2808 276 2870 8<
299 2810 454 2895 quasi
501 2810 805 2878 instruaas
833 2816 982 2878 acies
1005 2866 1027 2897 ,
1077 2819 1133 2878 δ(
1159 2838 1362 2882 contra
1388 2819 1653 2901 proprias

71 2895 412 2965 &internas
446 2897 835 2977 baefitationes
877 2906 933 2965 δε
979 2903 1313 2992 scrupulos,
1361 2907 1648 2975 &contra

1014 3019 1030 3028 ⁶
1484 3016 1566 3058 reu·
