2131 3573
307 168 666 249 NOVUM
727 172 1321 240 ORGANQJM
1462 193 1548 258 5³

44 306 247 382 patet,
296 292 696 376 &plurimum
746 293 1134 370 maliinfert,
1181 313 1280 353 aut
1320 289 1376 351 in
1429 291 1628 353 Philo

40 387 274 471 sophias
316 385 618 467 integra8‚
666 402 762 443 aut
789 381 849 443 in
874 406 1070 445 earum
1117 401 1344 467 partes,
1394 382 1623 443 Huma

43 496 150 537 nus
195 473 347 536 enim
377 432 719 534 Intellezius
764 494 881 534 non
910 472 1104 534 minus
1153 466 1625 554 impreffionibus

58 559 368 626 Phantafiae
411 560 490 621 est
532 559 879 637 obnexum,
928 584 1108 646 quarn
1156 556 1628 659 impreffionibus

46 651 370 737 vulgarium
424 649 777 710 notionum.
832 652 1072 734 pugnax
1097 649 1255 711 enim
1281 670 1460 732 genus
1485 644 1626 706 Phi-

47 704 315 823 losonphiae
340 742 396 800 ὅ(
423 739 835 822 Sophisticum,
886 739 1166 824 illaqueat
1194 736 1624 798 Intellechm:

41 852 99 892 at
143 827 282 889 illud
330 826 581 890 alteium
628 827 1052 912 phantasticum
1099 861 1119 905 ·‚
1170 830 1229 889 δε
1268 825 1561 888 tumidum
1609 869 1626 897 ‚

39 921 96 980 &
122 915 275 1001 quasi
302 917 654 994 Poenicum,
705 941 891 1003 tnagis
916 917 1218 979 blanditur
1247 911 1626 977 Intellefstui.

34 1007 183 1069 inest
207 1004 368 1067 enim
393 1005 624 1068 homini
655 1010 921 1091 quaedam
953 1007 1109 1069 Intel
1119 1005 1300 1068 lechis
1327 1002 1581 1066 ambitio
1607 1049 1624 1076 ,

35 1118 150 1156 non
187 1095 380 1155 minor
422 1120 599 1179 quam
625 1096 1016 1180 Voluntati53
1067 1091 1387 1180 praesertim
1427 1091 1489 1154 in
1535 1089 1625 1155 in

29 1182 218 1269 'geniis
246 1183 379 1245 altis
405 1187 460 1243 δ(
487 1183 771 1245 elevatis.

125 1273 322 1349 Hujus
348 1292 541 1330 autem
587 1270 815 1352 generis
842 1270 1222 1350 exemplum
1207 1284 1361 1332 inter
1384 1272 1627 1330 Graecos

28 1357 325 1419 illucescit
375 1405 391 1433 ,
440 1359 726 1440 praecipue
775 1358 835 1415 in
885 1359 1213 1437 Pythagora
1265 1406 1280 1432 ,
1351 1357 1442 1418 sed
1491 1379 1629 1417 cum

34 1447 425 1530 superstitione
449 1444 632 1525 magis
657 1442 832 1503 craffa
859 1446 916 1502 ὅ(
942 1442 1184 1502 onerosa
1209 1443 1627 1526 conjunfflum‘g

34 1558 91 1596 at
140 1530 510 1618 periculosius
560 1533 619 1592 &
665 1530 932 1592 subtilius
978 1530 1040 1592 in
1086 1532 1319 1591 Platone
1368 1580 1383 1607 ‚
1446 1550 1627 1614 atque

29 1626 152 1706 ejus
174 1621 368 1684 schola
395 1669 411 1686 .
464 1619 774 1681 Invenitur
797 1620 979 1681 etiarn
1020 1619 1132 1680 hoc
1159 1643 1339 1705 genus
1386 1618 1524 1681 mali
1560 1618 1628 1680 in

37 1710 294 1795 partibus
342 1707 852 1791 Philosophiarurn
902 1708 1259 1794 reliquarum
1291 1759 1306 1785 ‚
1358 1707 1628 1770 introdu-

0 1800 215 1862 {tendo
260 1797 480 1860 formas
526 1798 881 1874 abstraffls‚
928 1801 986 1859 ὅ(
1035 1798 1228 1860 causas
1268 1796 1514 1874 finales,
1563 1798 1625 1857 δε

43 1889 233 1950 causas
285 1887 500 1969 primas
548 1910 570 1972 3
615 1885 954 1948 omittendo
997 1886 1299 1972 saepiffime
1336 1885 1557 1953 medias
1604 1933 1622 1961 ‚

34 1975 94 2039 ³&
139 1974 470 2059 hujusmodi
511 2025 530 2041 .
604 1973 770 2036 Huic
817 1995 1017 2037 autem
1065 1977 1148 2038 rei
1195 1977 1420 2040 summa
1466 1972 1630 2037 adhi=

35 2067 225 2128 b'enda
266 2063 345 2126 est
390 2061 587 2126 cautio
632 2116 648 2130 .
725 2063 972 2126 Peffima
1019 2064 1178 2125 enim
1224 2089 1310 2126 res
1354 2066 1433 2126 est
1476 2087 1629 2126 erro.²

33 2170 160 2216 rum
204 2153 539 2237 Apotheosis
585 2202 603 2230 ‚
671 2156 729 2215 8<
778 2176 882 2236 pro
940 2152 1093 2236 peste
1142 2152 1483 2214 Intellefflus
1528 2153 1625 2213 ha-

30 2243 217 2305 benda
261 2241 340 2302 est
384 2290 401 2318 ,
450 2239 489 2302 fi
534 2242 701 2304 vanis
745 2243 980 2304 accedat
1026 2240 1330 2303 veneratio
1375 2289 1388 2301 .
1459 2240 1624 2302 Huic

28 2352 224 2403 autem
270 2328 569 2406 vanitati,
619 2331 885 2392 nonnulli
934 2354 1008 2392 ex
1059 2331 1352 2394 modernis
1396 2329 1624 2391 summa

27 2418 406 2495 ievitateita
452 2420 818 2483 indulserunt
850 2470 865 2497 ‚
915 2420 1064 2480 utin
1114 2419 1311 2503 primo
1361 2418 1624 2502 capitulo

28 2508 318 2571 Geneseos
345 2555 361 2582 ‚
409 2511 467 2571 δ(
510 2507 567 2570 in
617 2509 772 2571 libro
817 2510 928 2585 Job
958 2557 974 2584 ,
1022 2510 1084 2569 &
1127 2507 1262 2570 aliis
1304 2507 1622 2592 Scripturis

20 2595 245 2673 ›saci-iffi
295 2595 741 2681 Philosophiam
789 2595 1113 2660 naturalem
1139 2597 1380 2661 fundare
1420 2596 1622 2658 conati

31 2683 188 2769 fint3
236 2684 393 2749 inter
433 2688 584 2749 viva
629 2709 927 2771 quaerentes
970 2706 1182 2749 mortua
1228 2735 1243 2750 .
1292 2691 1617 2768 Tantoque

34 2773 220 2858 magis
243 2772 360 2836 haec
387 2776 613 2838 vanitas
662 2776 979 2840 inhibenda
1007 2778 1213 2855 venit,
1264 2779 1321 2838 &
1348 2797 1616 2837 coercen-

33 2862 146 2936 da,
196 2863 330 2946 quia
356 2887 428 2925 ex
477 2865 836 2930 Divinorurn
870 2869 927 2928 8<
975 2867 1388 2929 Humanorum
1437 2864 1616 2924 male.

35 2947 165 3013 sana
209 2950 625 3033 admixtione,
670 2978 786 3019 non
831 2957 1017 3018 lolum
1062 2955 1328 3020 educitur
1355 2953 1616 3015 Philolo-

851 3049 909 3107 D
1000 3067 1036 3109 2
1392 3044 1529 3134 phia
