2131 3573
631 135 1057 197 erRls.
1483 151 1556 219 17

0 322 2 328 y
62 276 188 339 quae
235 243 640 334 pronuntiandi
688 248 991 309 licentiam
1045 244 1385 327 usurparunt
1434 295 1446 308 .
1520 250 1650 315 1112

0 350 3 355 ’
63 363 255 404 tamen
284 333 558 401 Sensui&
609 335 945 398 Intellee'tui
976 335 1197 397 auxilia
1247 358 1362 393 non
1414 359 1648 417 paz-ave-

32 451 245 514 ,runtg
291 424 442 510 quod
467 446 569 484 nos
593 418 842 486 fecimus
891 448 904 486 :
957 424 1049 486 sed
1102 421 1272 485 fidem
1304 426 1357 481 ὃ(
1387 424 1651 483 authori-

0 509 37 617 s
61 539 243 578 tatem
266 514 428 599 plane
454 511 795 575 sustulerunt
824 537 847 599 3
897 512 1050 598 quod
1076 511 1249 596 longe
1277 511 1388 572 alia
1417 534 1501 571 res
1529 512 1601 570 est
1628 567 1648 588 ‚

64 610 123 667 ὃς
169 603 284 666 fere
331 600 592 685 opposita
618 648 633 662 .

149 696 318 754 Sexta
348 691 580 753 tandem
610 713 737 774 pars
763 690 980 773 Operis
1008 689 1186 752 nostri
1239 688 1375 772 (cui
1409 688 1651 770 reliquae

0 782 3 791 ¹
65 778 384 843 inserviunt
429 803 495 840 ac
528 779 903 860 ministrant)
959 803 1085 841 eam
1116 779 1355 840 demum
1399 777 1651 837 recludit

65 872 120 931 δε
164 867 440 952 proponit
472 867 914 952 Philosophiam
944 921 963 952 ‚
1013 891 1137 952 quae
1187 892 1258 928 ex
1311 864 1642 946 hujusmodi

65 957 340 1041 (qualem
368 979 503 1019 ante
528 958 835 1020 docuimus
863 960 919 1019 δε
971 954 1353 1040 paravimus)
1405 951 1645 1038 inquisi-

58 1044 511 1130 tionelegitima
560 1050 614 1108 8<
645 1047 792 1108 casta
820 1095 835 1121 ‚
885 1049 941 1107 δε
990 1046 1186 1107 severa
1215 1093 1231 1121 ‚
1282 1042 1548 1106 educitur
1592 1045 1651 1103 δε

54 1134 425 1196 constituitur
451 1182 467 1198 .
518 1138 693 1197 Hanc
725 1158 863 1197 vero
891 1136 1235 1216 postremam
1268 1136 1498 1194 Partem
1529 1154 1652 1215 per-

53 1220 223 1282 ficere
271 1226 326 1282 &
355 1223 423 1283 ad
449 1221 680 1283 exitum
733 1223 1045 1301 perducere
1076 1270 1091 1294 ,
1143 1245 1232 1280 res
1277 1222 1355 1280 est
1399 1225 1454 1281 8<
1483 1221 1653 1303 supra

21 1308 208 1370 ·vires
252 1357 270 1385 ‚
321 1311 376 1368 8<
425 1308 574 1370 ultra
620 1307 738 1389 spes
790 1307 1002 1366 nostras
1050 1306 1373 1366 collocata.
1431 1311 1558 1366 Nos
1597 1307 1653 1365 ei

16 1396 229 1459 ‘initia
280 1400 388 1479 (ut
433 1393 770 1475 speramus)
824 1416 938 1451 non
988 1394 1471 1471 contemnenda,
1522 1399 1650 1451 exi.

19 1511 21 1513 ·
55 1508 180 1546 turn
206 1481 434 1567 generis
481 1479 719 1542 humani
753 1477 982 1538 fortuna
1010 1477 1224 1560 dabit3
1274 1476 1509 1559 qualem
1537 1478 1652 1538 for-

23 1592 108 1635 ·te
135 1571 401 1634 homines
424 1567 487 1630 in
537 1568 648 1629 hoc
680 1569 902 1629 Rerum
954 1569 1007 1627 δε
1060 1566 1427 1627 Animorum
1455 1566 1599 1626 statu
1628 1617 1650 1649 ,

50 1661 200 1722 haud
238 1657 409 1721 facile
464 1656 666 1719 animo
716 1678 920 1739 capere
967 1678 1065 1716 aur.
1116 1653 1313 1714 metiri
1363 1677 1581 1737 queant
1631 1704 1648 1719 .

22 1810 25 1816 .
53 1752 264 1832 Neque
292 1747 450 1809 enirn
476 1746 668 1832 agitur
712 1744 896 1807 solum
928 1742 1185 1806 felicitas
1211 1743 1650 1825 Contemplati-

51 1860 124 1898 va
169 1885 188 1912 ‚
234 1836 326 1898 sed
374 1858 510 1897 vere
560 1858 645 1896 res
690 1833 958 1895 humanae
1007 1835 1064 1893 δε
1112 1831 1359 1893 fortunae
1403 1879 1419 1906 ‚
1471 1855 1646 1916 atque

49 1924 244 1987 omnis
269 1929 536 2006 Operum
587 1919 892 2007 potentia.
942 1923 1149 1982 Homo
1196 1921 1350 1982 enim
1406 1923 1647 1983 Naturae

20 2012 319 2083 -minister
364 2012 735 2093 &interpres
783 2029 1011 2070 tantum
1058 2007 1644 2093 facit&intelligit,

20 2123 339 2189 ⁴quantum
386 2101 453 2161 de
482 2104 722 2161 Naturae
769 2097 972 2159 ordine
1001 2145 1017 2173 ‚
1067 2100 1260 2179 Opere
1287 2146 1302 2172 ,
1352 2097 1446 2157 vel
1475 2100 1652 2157 Men.

18 2198 154 2279 ᾗτε,
202 2187 603 2252 observaverit
653 2212 669 2251 ε
722 2209 829 2250 nec
877 2184 1130 2270 amplius
1174 2185 1282 2245 scit
1333 2233 1348 2260 ,
1399 2206 1494 2246 aut
1546 2208 1647 2269 po..

17 2282 21 2349 :J
49 2279 156 2340 test
182 2325 196 2340 .
247 2281 460 2363 Neque
482 2276 644 2340 enim
694 2275 822 2338 ullae
851 2274 1002 2337 vires
1029 2273 1348 2337 Causarum
1376 2294 1648 2348 catenam

16 2365 276 2445 {solvere
318 2387 417 2428 aut
459 2365 823 2451 perfringere
868 2361 1081 2449 poffint
1130 2387 1143 2425 :
1201 2386 1385 2446 neque
1419 2366 1650 2424 Natura

15 2453 223 2540 {aliter
246 2477 427 2539 quam
468 2456 723 2539 parendo
772 2452 1034 2514 vincitur
1061 2501 1077 2516 .
1131 2456 1337 2534 {taque
1364 2450 1650 2512 intentio-

16 2565 153 2604 nes
198 2544 589 2627 geminaeillae
621 2593 640 2621 ,
685 2543 950 2605 humanae
997 2537 1215 2601 scilicet
1243 2540 1538 2612 Scientiae‚
1587 2543 1647 2600 ὃς

52 2633 357 2709 Potentiae,
408 2632 627 2694 verein
665 2631 820 2693 idem
850 2629 1191 2691 coincidunt
1244 2653 1258 2690 ε
1312 2631 1368 2689 δ(
1415 2626 1645 2689 frustra-

13 2717 144 2806 E'tio
191 2721 455 2802 Operum
504 2718 767 2784 maxime
816 2717 883 2781 fit
948 2740 1023 2780 ex
1067 2715 1444 2801 ignoratione
1493 2718 1648 2777 Cau·

13 2852 17 2867 .
56 2805 246 2868 sarum
273 2855 293 2871 .

11 2893 17 2933 ᾗ
148 2897 353 2979 Atque
399 2893 462 2958 in
486 2920 553 2960 eo
579 2897 706 2960 sunt
749 2894 954 2959 omnia
981 2943 998 2973 ,
1047 2891 1221 2975 siquis
1246 2890 1443 2955 oculos
1470 2893 1649 2954 Men.

1083 2985 1134 3044 B
1486 2979 1560 3040 tis

4 3347 13 3573 --—..-—-—‹⁴
9 3264 13 3323 ⁴-—
10 3231 13 3244 .-
