2098 3490
520 135 604 211 '58
910 129 1541 193 VERULAMII

416 242 714 326 Principia
763 244 1018 305 maxime
1042 242 1329 327 generalia
1375 242 1832 321 constituantur,
1877 247 1983 310 de-
2036 254 2043 264 '

415 330 553 394 inde
600 331 787 393 media
814 333 1135 394 Axiomata
1177 332 1246 393 ad
1272 356 1335 394 ea
1381 332 1743 415 applicentur
1768 336 1824 393 δ(
1850 358 1982 416 pro·-
2040 363 2058 418 ss‘.
2096 328 2098 337 ¹

416 419 627 480 bentur
650 468 667 495 ‚
714 442 969 480 errorum
997 440 1184 481 mater
1204 419 1282 480 est
1310 471 1331 502 ³
1356 422 1417 480 ὃς
1439 420 1821 482 scientiarum
1848 446 1978 482 om·

408 506 579 568 nium
603 506 935 569 calamitas,
985 511 1203 569 Verum
1227 508 1295 569 de
1320 508 1476 585 istis,
1504 532 1628 593 quae
1652 512 1765 589 jam
1785 510 1982 570 obiter

406 595 885 679 perstringimuS,
931 592 1100 657 fufius
1121 594 1417 671 dicemuS,
1462 620 1640 679 quum
1667 619 1862 657 veram
1890 597 1980 658 in·
2063 612 2066 622 '

408 683 794 764 terpretandae
825 685 1063 746 Naturae
1091 685 1246 745 viam
1287 734 1305 761 ,
1353 683 1978 769 absolutisistisexpia-

407 766 670 830 tionibus
695 774 749 830 δι
775 770 1288 855 expurgationibus
1313 771 1970 856 MentiS‚proponemuS.

494 860 685 918 LXX.
733 859 843 918 Sed
867 860 1279 921 demonstratio
1316 861 1487 944 longe
1512 860 1735 944 optima
1759 860 1834 921 est
1861 866 1976 921 Ex-

405 943 741 1028 perientia3
793 947 965 1006 modo
1008 946 1215 1008 haereat
1261 946 1324 1009 in
1361 947 1486 1031 ipso
1528 951 1928 1032 experimento
1956 997 1977 1012 a

406 1033 570 1092 Nam
598 1029 636 1089 fi
664 1033 996 1095 traducatur
1021 1034 1089 1095 ad
1114 1035 1223 1096 alia
1250 1058 1376 1122 quae
1401 1034 1610 1097 fimilia
1637 1036 1973 1098 existiman-

405 1120 539 1192 tur,
587 1116 690 1177 nifi
735 1118 847 1180 rite
889 1119 1173 1181 &ordine
1219 1119 1320 1182 fiat
1357 1122 1463 1198 illa
1507 1124 1836 1199 traducam,
1885 1146 1977 1184 res

402 1202 579 1265 fallax
606 1205 681 1263 est
706 1254 723 1268 .
773 1210 859 1264 At
885 1206 1088 1265 modus
1133 1205 1515 1285 experiendi,
1563 1230 1681 1289 quo
1705 1209 1981 1269 homines-
2057 1203 2063 1246 i

404 1312 556 1350 nunc
602 1308 841 1351 utuntur
884 1339 902 1367 ‚
949 1313 1127 1353 caecus
1172 1293 1249 1353 est
1295 1295 1351 1353 ἃ
1399 1291 1654 1376 stupidus
1698 1341 1712 1356 .
1767 1299 1975 1378 Itaque

402 1399 538 1438 cum
582 1373 777 1438 errant
801 1381 858 1437 δε
886 1399 1168 1458 vagantur
1211 1378 1368 1437 nulla
1396 1379 1491 1440 via
1537 1400 1691 1442 certa
1717 1428 1733 1455 ,
1780 1382 1868 1443 sed
1897 1405 1975 1444 ex

400 1463 641 1523 occursu
689 1484 878 1522 rerum
908 1484 1138 1523 tantum
1186 1463 1487 1525 confilium
1528 1468 1812 1554 capiunt3
1862 1467 1977 1530 cir„

399 1547 798 1611 cumferuntur
840 1551 910 1611 ad
936 1549 1118 1611 multa
1143 1596 1160 1625 ‚
1207 1551 1301 1612 sed
1344 1574 1547 1632 parum
1573 1577 1922 1636 promovent
1947 1582 1977 1642 ς,

401 1639 463 1699 δε
507 1637 851 1720 quandoque
893 1637 1140 1720 gestiunt
1186 1684 1203 1710 ‚
1269 1641 1610 1724 quandoque
1654 1642 1967 1706 distrahun-

400 1743 543 1809 tur3
592 1725 648 1782 8<
692 1724 914 1806 semper
959 1723 1270 1785 inveniunt
1314 1727 1469 1809 quod
1535 1728 1770 1791 ulterius
1815 1754 1969 1814 quae·
2043 1780 2047 1785 -

397 1831 533 1872 rant
559 1860 575 1875 .
624 1815 767 1871 Fere
791 1832 984 1872 autem
1013 1811 1094 1871 ita
1140 1810 1206 1871 fit
1230 1858 1247 1886 ‚
1295 1834 1356 1872 ut
1382 1814 1650 1877 homines
1675 1817 1882 1878 leviter
1906 1822 1964 1879 8<

401 1919 678 1980 tanquam
704 1921 801 1981 per
842 1899 1039 1961 ludum
1064 1898 1440 1985 experiantur
1458 1946 1480 1977 a
1527 1904 1806 1965 variando
1830 1929 1964 1987 pau.

393 1984 580 2046 lulum
605 1986 1000 2069 experimenta
1049 1988 1163 2065 jam
1190 1988 1425 2070 cognita
1449 2011 1471 2072 3
1524 1992 1580 2050 &
1605 2038 1622 2066 ‚
1673 1989 1711 2051 fi
1733 2014 1819 2053 res
1846 2016 1958 2053 non

395 2071 702 2149 succedat,
750 2072 1133 2149 fastidiendO,
1181 2077 1238 2137 ἃ
1279 2096 1553 2136 conatum
1604 2078 1956 2142 deserendo·

395 2161 574 2237 Quod
599 2160 842 2245 fi'magis
865 2161 1012 2222 serio
1034 2164 1092 2223 δε
1138 2160 1460 2223 constanter
1482 2185 1548 2224 ac
1572 2163 1858 2228 laboriose
1888 2168 1956 2229 ad

395 2247 810 2328 Experimenta
849 2249 901 2309 se
940 2248 1244 2332 accingant
1288 2273 1309 2333 3
1357 2270 1551 2311 tamen
1594 2251 1655 2312 in
1702 2276 1817 2314 uno
1856 2254 1957 2315 ali-

391 2355 511 2415 quo
554 2335 957 2416 experimento
999 2339 1249 2399 eruendo
1311 2360 1545 2416 operam
1595 2338 1883 2401 collocant
1930 2365 1951 2425 3

393 2423 884 2504 quemadmodum
922 2425 1203 2485 Gilbertus
1246 2425 1305 2484 in
1333 2427 1613 2507 Magnete
1639 2474 1654 2501 ,
1703 2427 1956 2506 Chymi-

393 2507 453 2569 ci
499 2508 557 2568 in
597 2531 734 2568 auro
782 2559 794 2571 .
843 2515 978 2573 Hoc
1027 2534 1218 2573 autem
1263 2510 1482 2572 faciunt
1509 2511 1819 2597 homines,
1872 2514 1955 2576 in·

392 2595 593 2656 stituto
618 2617 729 2654 non
776 2597 964 2660 minus
1000 2597 1319 2682 imperim,
1365 2622 1541 2682 quam
1584 2602 1782 2667 tenui.
1836 2606 1953 2662 Ne-

394 2704 495 2742 mo
538 2683 693 2742 enim
734 2682 970 2766 alicujus
1016 2687 1096 2746 rei
1145 2706 1407 2749 naturam
1454 2686 1514 2746 in
1562 2686 1674 2769 ipsa
1719 2711 1780 2749 re
1825 2687 1953 2748 feli-

395 2767 541 2826 citer
583 2769 961 2848 perscrutatur
1007 2797 1020 2833 :
1089 2773 1181 2834 sed
1224 2773 1548 2857 amplianda
1593 2775 1670 2836 est
1718 2774 1951 2858 inquisi-

393 2853 481 2914 tio
526 2855 595 2916 ad
635 2857 812 2941 magis
856 2860 1226 2924 communia.

723 2965 726 2968 ·
1686 2947 1864 3026 Quod
