2131 3573
325 70 695 130 NOVUM
749 69 1329 134 ORGANUM.
1483 87 1608 154 157

113 189 338 248 verum
385 177 814 267 postquamilla
865 180 1114 243 adunata
1143 181 1250 243 fint
1298 185 1354 243 δ(
1384 184 1699 262 conclusa,=

112 295 173 337 ut
222 273 454 356 spiritus
481 270 737 354 ipsorum
788 290 906 330 non
932 271 1164 355 expiret
1215 270 1273 331 in
1325 293 1554 347 aerem,
1603 274 1701 336 sed

110 362 450 425 seinvicem
501 358 697 420 foveat
727 383 765 436 ;
814 378 938 420 tum
967 381 1107 422 vero
1155 358 1528 421 oriturcalor
1579 385 1700 422 ma.

108 451 346 514 nifestus
387 499 412 532 ,
474 450 534 509 &
578 469 1005 532 nonnunquam
1053 447 1403 512 flamma-in
1451 451 1704 515 materia.

110 561 360 626 COssgrUa
383 585 409 604 ι

215 707 636 780 Ad'decimam
683 712 941 778 offavam
969 763 990 794 ,
1034 717 1300 792 vicesima
1344 735 1593 800 quarta.

189 891 392 956 Etiam
439 892 601 957 circa
648 892 800 958 hanc
828 895 1174 958 Instantiam
1222 894 1575 982 diligentior
1619 894 1706 958 fa-

103 981 306 1046 cienda
353 982 436 1045 est
480 984 831 1068 inquisitio.
884 986 1137 1048 Videtur
1162 985 1322 1048 enim
1351 985 1508 1048 (alx
1559 984 1701 1046 viva

99 1093 250 1157 aqua
300 1071 520 1154 aspersa
566 1075 879 1156 concipere
926 1075 1179 1154 calorem
1229 1101 1268 1154 ,·
1311 1077 1408 1137 vel
1457 1096 1703 1157 propter

103 1183 387 1223 unionem
438 1160 657 1221 caloris.
700 1160 804 1243 qui
854 1184 1025 1222 antea
1073 1163 1536 1236 distrahebatur,
1589 1167 1703 1245 (ut

101 1269 236 1311 ante
283 1246 512 1311 dicium
558 1247 635 1309 est
683 1248 751 1310 de
800 1251 1025 1311 Herbis
1072 1250 1398 1329 conclusis)
1455 1250 1551 1310 vel
1619 1252 1700 1312 ob

104 1336 511 1399 irritationem
559 1336 1147 1417 &exasperationem
1173 1339 1574 1421 spiritusignc⁴
1562 1338 1701 1401 {ab

102 1448 296 1511 aqua,
342 1444 403 1484 ut
432 1421 533 1483 fiat
582 1423 822 1506 quidam
849 1422 1183 1504 fleonflffi'cus
1229 1427 1287 1484 8<
1338 1426 1705 1502 antiperista.

99 1514 209 1579 fis,
259 1515 412 1574 Utra
439 1532 578 1572 vero
625 1534 714 1571 res
743 1508 808 1571 fit
859 1511 916 1571 in
944 1511 1106 1572 causa
1135 1560 1151 1587 ,
1206 1509 1439 1574 facilius
1468 1537 1706 1594 appare.

104 1604 236 1677 bit,
285 1599 325 1660 fi
371 1599 724 1684 locoAquae
773 1599 1432 1665 immittaturOleum
1480 1605 1701 1663 Oleum

98 1690 261 1752 enim
308 1712 471 1773 aeque
518 1712 585 1751 ac
610 1696 789 1775 Aqua
841 1688 1062 1750 valebit
1092 1690 1160 1752 ad
1209 1691 1489 1753 unionem
1536 1691 1715 1771 spiri-

102 1800 193 1842 tus
242 1776 488 1855 inclufi,
544 1779 642 1841 sed
689 1802 807 1839 non
855 1780 926 1839 ad
975 1777 1376 1841 irritationem
1431 1832 1448 1845 .
1499 1781 1702 1843 Etiam

99 1867 437 1931 faciendum
487 1867 564 1928 est
592 1866 1086 1951 Experimentum
1136 1868 1318 1930 latius
1341 1892 1461 1930 tam
1513 1870 1573 1931 in
1616 1870 1700 1931 ci-

104 1958 342 2026 neribus
367 1957 426 2016 δε
452 1954 715 2018 calcibus
738 1956 1102 2020 diversorum
1132 1982 1491 2041 corporum,
1516 1982 1701 2045 quam

104 2068 207 2133 per
252 2043 680 2108 immissionem
707 2045 1080 2109 diversorum
1130 2047 1478 2134 liquorum.

234 2227 347 2288 Ad
389 2226 658 2287 decimam
702 2250 900 2287 nonam
942 2274 958 2305 ,
1007 2225 1275 2300 vicefima
1324 2226 1522 2308 quinta
1552 2274 1570 2290 .

192 2402 357 2465 Huic
386 2402 685 2467 Instantiae
711 2403 1087 2490 subiungitur
1109 2406 1406 2489 Negativae
1446 2404 1706 2467 aliorum

105 2492 555 2574 Metallorum,
603 2518 730 2577 quae
758 2495 885 2557 sunt
935 2493 1120 2578 magis
1147 2495 1346 2556 mollia
1399 2498 1456 2556 &
1506 2494 1667 2556 fluxa

108 2580 345 2643 Etenim
397 2583 707 2647 bra&eolae
734 2583 884 2646 Auri
935 2583 1212 2646 solutaein
1261 2583 1553 2671 liquorem
1583 2607 1702 2662 per·

110 2673 348 2752 Aquam
384 2673 602 2758 Regis,
652 2675 880 2735 nullum
905 2675 1044 2735 dant
1070 2673 1325 2736 calorem
1352 2677 1421 2736 ad
1472 2672 1701 2735 mestum
1835 2687 1849 2715 ⁸

114 2779 175 2817 ιη
219 2726 597 2824 dissolutione
647 2787 661 2826 ε
713 2786 902 2848 neque
950 2760 1221 2831 slmiliter
1272 2764 1587 2825 Plumbum
1641 2761 1702 2824 in

100 2851 299 2931 Aqua
340 2846 523 2914 forti.
559 2854 790 2938 Neque
837 2850 1020 2917 etiam
1049 2856 1379 2939 Argentum
1432 2852 1636 2916 vivum
1680 2902 1706 2934 ‚

1556 2961 1620 3004 ut
