2131 3573
414 33 784 116 NOVUM
838 63 1415 138 ORGANUM.
1510 80 1629 161 283

147 166 332 250 magis
356 167 821 251 comparative:
880 174 941 234 Id
970 175 1130 237 enim
1182 180 1393 246 eximii
1423 187 1496 250 est
1550 192 1716 264 υἷας,

142 257 201 315 δε
250 256 318 317 ad
343 255 594 340 plurima
620 256 884 336 speetat.
933 265 1137 350 Atque
1160 267 1471 351 videmus,
1522 280 1718 340 Flam-

139 365 298 404 mam
347 343 590 424 alicujus·
651 347 973 414 Tormenti
1021 353 1179 439 ignei
1246 358 1421 426 citius
1468 367 1627 429 cerni
1703 416 1718 442 ,

141 455 317 514 quam
361 431 597 494 Sonitus
644 435 961 526 audiatur3
1012 442 1152 505 licet
1204 451 1423 514 necesse
1474 454 1586 532 fit,
1638 455 1719 540 pi-

139 519 262 581 lam
311 519 468 603 prius
515 525 734 584 Aerem
787 549 1092 607 percutere
1138 581 1154 608 ,
1222 559 1395 619 quam
1446 543 1718 606 Flamma

139 631 265 690 quae
288 630 433 691 pone
482 629 653 687 erat,
704 614 864 675 exire
916 621 1176 701 potuerit
1223 649 1243 709 3
1295 626 1414 688 fieri
1465 629 1575 692 hoc
1627 656 1718 693 au.-

142 718 260 756 tem
306 717 544 779 propter
590 700 954 767 velociorem
1006 711 1457 780 transachonem
1508 722 1719 782 Motus

129 780 362 859 Lucis,
403 807 577 868 quam
630 792 769 852 Soni
800 843 816 858 .
869 794 1155 858 Videmus
1205 803 1384 864 etiam
1416 855 1430 881 ,
1483 808 1718 891 Species

125 867 399 932 Vifibiles
445 876 646 939 aVisu
697 880 871 943 citius
918 885 1158 970 excipi,
1210 914 1382 974 quam
1413 895 1638 958 dimitti
1691 922 1716 981 3

122 957 268 1019 unde
316 956 428 1040 fit,
476 967 632 1049 quod
662 971 851 1032 Nervi
881 973 1125 1040 Fidium.
1175 979 1367 1064 digito
1416 983 1648 1070 impulsi
1699 1034 1716 1062 ,

116 1044 530 1129 duplicentur,
581 1078 682 1117 aut
710 1059 1129 1143 triplicentur,
1178 1072 1370 1150 quoad
1398 1074 1711 1155 Speciem,

117 1133 256 1216 quia
298 1136 530 1218 Species
573 1163 729 1204 nova
779 1146 1064 1230 recipitur
1101 1200 1118 1227 ,
1167 1177 1485 1241 antequam
1540 1162 1714 1226 Prior

119 1219 510 1311 dimittatur-3
558 1230 653 1291 Ex
679 1254 797 1315 quo
845 1235 1028 1299 etiam
1068 1237 1177 1318 fit,
1231 1266 1293 1306 ut
1344 1250 1573 1312 Annuli
1621 1275 1710 1313 ro-

119 1310 227 1371 tati
257 1310 567 1374 videantur
610 1317 875 1400 globosi,
925 1327 1130 1389 &Fax
1178 1334 1584 1402 ardensnofflu
1613 1364 1710 1402 ve·

116 1395 329 1459 lociter
375 1422 650 1482 portata,
701 1408 1098 1489 conspiciatur
1144 1419 1408 1483 Caudata
1441 1474 1457 1489 .
1506 1427 1708 1490 Etiam

115 1507 189 1547 ex
238 1485 348 1547 hoc
372 1486 755 1555 fundamento
806 1501 1230 1580 Inaequalitatis
1258 1509 1708 1599 Motuurnquo-

114 1573 184 1635 ad
232 1572 629 1640 velocitatem
658 1629 674 1657 ,
722 1585 1092 1668 excogitavit
1139 1596 1408 1659 Galilaeus
1454 1604 1708 1667 Causam

113 1660 333 1724 Fluxus
382 1667 440 1727 &
487 1667 773 1734 Refluxus
822 1675 1052 1752 Maris,
1103 1701 1333 1744 rotante
1379 1690 1564 1753 Terra
1613 1717 1708 1756 ve-

107 1748 334 1830 locius,
384 1755 584 1841 Aquis
634 1760 854 1822 tardius
903 1793 940 1841 5
986 1764 1237 1853 ideoque
1283 1781 1706 1843 accumulanti-

46 1907 50 1910 ,
111 1840 213 1900 bus
262 1839 318 1901 se
342 1844 540 1927 Aquis
587 1845 646 1908 in
698 1848 918 1912 sursum
949 1902 964 1930 ‚
1016 1857 1073 1916 δε
1119 1860 1330 1923 deinde
1381 1888 1485 1948 per
1535 1869 1702 1931 vices

107 1927 163 1990 se
210 1929 653 1997 remittentibus
695 1936 754 1998 -in
806 1940 1067 2006 deorsum
1104 1971 1126 2031 3
1178 1970 1237 2010 ut
1266 1952 1698 2021 demonstratur

105 2014 168 2076 in
219 2016 349 2081 vase
419 2025 608 2108 Aquae
657 2025 960 2092 incitatius
1010 2058 1289 2101 movente
1337 2091 1350 2105 .
1424 2047 1534 2107 Sed
1585 2048 1697 2110 hoc

107 2125 480 2173 commentus
549 2113 626 2175 est
695 2120 960 2182 conceffo
1030 2147 1145 2185 non
1219 2132 1578 2196 conceffibili
1657 2169 1694 2213 ς

110 2195 134 2275 (
179 2197 335 2278 quod
384 2202 573 2264 Terra
620 2225 831 2287 nempe
878 2233 1186 2277 moveatur
1231 2241 1252 2302 3
1300 2219 1324 2296 )
1376 2243 1440 2282 ac
1508 2222 1691 2286 etiam

106 2305 224 2342 non
278 2287 422 2348 bene
468 2288 816 2356 informatus
866 2298 934 2359 de
982 2304 1203 2365 Oceani
1259 2309 1432 2372 Motu
1483 2311 1693 2375 sexho·

107 2371 308 2440 rario.
396 2427 399 2429 Α

191 2466 280 2525 At
308 2467 664 2550 Exemplum
717 2472 882 2557 hujus
908 2477 989 2540 rei
1039 2480 1108 2542 de
1152 2506 1264 2568 qua
1311 2487 1552 2576 agitur-3
1603 2491 1688 2554 vi·

104 2546 314 2614 delicet
361 2555 431 2615 de
474 2560 919 2641 Comparativis
971 2570 1268 2635 Mensuris
1312 2578 1594 2640 Motuum
1664 2631 1686 2663 ‚

103 2657 288 2722 neque
337 2641 521 2707 solum
565 2649 645 2710 rei
699 2650 867 2733 ipsius
911 2702 928 2729 ,
963 2657 1093 2720 -sed
1140 2663 1195 2721 δε
1248 2664 1396 2726 Usus
1444 2665 1684 2750 infignis
1783 2688 1846 2775 2

101 2725 262 2805 ejus,
312 2731 427 2811 (de
472 2757 591 2819 quo
618 2740 787 2819 paulo
833 2764 965 2806 ante
989 2745 1219 2832 loquuti
1246 2751 1483 2832 sumus)
1532 2755 1680 2817 emi·
1762 2796 1789 2847 9
1880 2748 1918 2787 ⁶

99 2833 201 2875 net
245 2817 310 2900 in
355 2822 663 2889 Cuniculis
711 2828 1138 2915 subterraneis,
1189 2841 1246 2902 in
1297 2842 1509 2924 quibus
1559 2844 1676 2906 col·
1762 2849 1765 2851 ’

1517 2932 1597 2991 lo·
