2131 3573
336 156 706 221 NOVUM
764 152 1344 214 oRGANUM.
1454 163 1583 231 327

0 289 2 362 ξ
74 293 168 339 cet
203 270 739 337 Condensationem
791 264 953 326 illam
982 287 1106 349 quae
1149 288 1179 324 a
1210 262 1497 325 Coitione
1549 261 1668 322 suc.

73 364 283 442 cedit)
332 360 666 424 confortent
695 354 946 437 Spiritus
972 403 988 431 ‚
1037 353 1142 414 eos
1182 377 1246 411 ue
1272 353 1515 413 reddant
1546 374 1668 410 maa

72 454 163 538 gis
211 451 470 513 robustos
514 498 536 530 ‚
606 448 661 506 &
709 446 1020 505 retundant
1068 464 1270 504 eorum
1317 440 1554 502 inutiles
1608 443 1665 499 Sc

78 540 407 604 incensivos
452 541 664 599 Motus
713 558 784 595 ex
811 556 928 618 quo
976 533 1044 594 ad
1091 553 1254 593 curas
1298 530 1666 594 Morborum·

86 633 146 692 &
197 629 333 691 vitae
402 623 926 709 Prolongationem
976 621 1129 684 haud
1197 641 1404 705 parum
1476 617 1673 679 confe-

72 740 246 784 rant.

0 801 3 813 ’
161 806 357 869 Etiam
392 801 858 888 Praeparationes
881 804 1220 881 Corporum
1274 797 1341 859 ad
1369 793 1669 878 excipien-

69 897 208 958 dum
238 894 445 978 Frigus
494 915 610 954 non
640 892 766 952 sunt
819 889 1163 950 omittendae
1192 913 1226 963 ,·
1274 884 1459 945 veluti
1512 885 1669 966 quod

0 986 3 1025 ἶ
71 991 250 1070 Aqua
277 981 704 1068 parumtepida
731 977 964 1040 facilius
989 973 1437 1060 conglacietur,
1486 995 1666 1056 quam

69 1075 319 1136 omnino
364 1071 664 1153 frigida&
714 1066 1092 1146 hujusmodi.

163 1165 450 1220 Praeterea
477 1205 494 1232 ,
544 1155 681 1237 quia
711 1157 938 1215 Natura
969 1150 1179 1236 Frigus
1204 1171 1323 1212 tam
1354 1171 1525 1231 parce
1552 1149 1674 1231 sup-

73 1247 295 1334 peditat
324 1295 340 1321 ,
390 1244 721 1306 faciendum
749 1241 829 1302 est
867 1239 1366 1324 quemadmodum
1399 1237 1677 1298 Pharma-

73 1336 295 1421 copolae
345 1334 526 1395 solent
552 1359 587 1410 ‚·
631 1331 731 1415 qui
759 1331 991 1413 quando
1041 1328 1288 1412 fimplex
1314 1326 1555 1409 aliquod
1583 1326 1679 1388 ha-

79 1425 207 1488 beri
235 1446 351 1486 non
404 1422 575 1506 poffit
603 1468 620 1495 ,
670 1419 910 1499 capiunt
936 1417 1371 1477 Succedaneum
1400 1417 1521 1495 ejus
1547 1465 1563 1492 ‚
1613 1417 1672 1476 δε

0 1529 2 1534 ·
72 1517 237 1597 Quid
285 1536 389 1597 pro
413 1517 585 1589 ,Q-uo,
635 1527 696 1567 ut
724 1524 981 1565 vocant:
1038 1502 1241 1564 Veluti
1275 1503 1538 1587 Lignum
1589 1508 1677 1564 A.

73 1605 200 1667 locs
247 1625 352 1687 pro
400 1594 823 1678 Xylobalsamo
861 1644 886 1676 ,
933 1591 1189 1655 Caffiam
1243 1614 1347 1675 pro
1393 1589 1680 1652 Cinamo-

78 1716 218 1756 mo,
267 1686 466 1758 Simili
499 1686 677 1748 modo
726 1682 1045 1766 diligenter
1071 1679 1672 1763 circumspiciendum

72 1781 194 1858 est,
245 1777 282 1839 s1
325 1802 453 1862 quae
504 1774 610 1837 fint
655 1776 1024 1834 succedanea
1070 1769 1337 1855 frigoris
1384 1796 1419 1848 ,·
1467 1768 1677 1830 videli-

0 1900 1 1909 ¹
71 1891 174 1931 -cet
221 1918 237 1944 ‚
289 1868 506 1951 quibus
551 1861 767 1930 Modis
815 1858 941 1921 fieri
994 1856 1207 1944 poffint
1253 1856 1678 1920 Condensatio-

77 1982 176 2020 nes
245 1955 308 2018 in
373 1950 740 2035 Corporibus
789 1949 961 2010 aliter
1024 1971 1203 2033 quam
1255 1970 1358 2032 per
1401 1945 1610 2031 Frigus
1659 1994 1677 2022 ,

78 2047 236 2133 quod
275 2045 403 2106 illas
453 2040 638 2104 efficit
685 2089 700 2116 ,
752 2061 812 2101 ut
858 2042 1019 2121 Opus
1068 2038 1231 2100 suurn
1306 2036 1609 2120 proprium
1660 2081 1675 2097 .

81 2136 203 2199 111ae
252 2156 446 2198 autem
473 2127 977 2196 Condensationes
1026 2125 1490 2189 videnturintra
1540 2147 1681 2207 qua-

81 2246 319 2288 ternum
390 2242 711 2285 numerum
762 2220 785 2302 (
829 2236 1115 2301 quantum
1187 2215 1371 2276 adhuc
1421 2214 1608 2296 liquet
1656 2218 1684 2293 )

84 2311 377 2376 contineri
428 2358 441 2372 .
514 2312 783 2390 Quarum
856 2305 1046 2389 prima
1095 2303 1332 2366 videtur
1381 2300 1506 2363 fieri
1578 2323 1681 2385 per

82 2399 542 2468 Contrufionem
597 2395 921 2480 simplicem
976 2417 990 2456 :
1062 2416 1188 2478 quae
1238 2415 1438 2476 parum
1493 2391 1680 2474 potest

88 2493 159 2554 ad
205 2489 548 2554 densitatem
597 2487 961 2548 constantem
1011 2479 1316 2566 (resiliunt
1343 2480 1502 2542 enim
1530 2484 1681 2541 Cor-

90 2583 274 2664 pora)
327 2579 420 2642 sed
447 2575 838 2640 nihilominus
886 2571 1036 2632 forte
1078 2593 1166 2632 res
1213 2568 1518 2632 auxiliaris
1566 2565 1678 2627 effe

90 2690 308 2751 queat.
357 2667 628 2736 Secunda
655 2663 720 2725 fit
772 2684 872 2745 per
896 2659 1395 2722 Contracffionem
1424 2655 1679 2741 partium

92 2757 429 2818 craffiorurn
476 2755 540 2818 in
565 2759 829 2836 Corpore
878 2748 1078 2834 aliquo
1104 2749 1226 2835 post
1272 2743 1681 2811 evolationem

95 2864 193 2906 aut
241 2845 472 2906 exitum
519 2844 775 2928 partium
827 2838 1205 2915 tenuiorum,
1253 2859 1314 2898 ut
1362 2833 1427 2895 fit
1477 2832 1535 2895 in
1587 2836 1684 2894 In-

94 2930 504 2996 durationibus
530 2936 858 3018 perignem
888 2978 905 3007 ‚
954 2930 1010 2991 δε
1058 2926 1327 3013 repetitis
1354 2920 1687 2986 ExtinElio·

1061 3021 1113 3078 X
1206 3038 1250 3098 4
1514 3010 1602 3072 ni-
