2131 3573
368 72 739 140 NOVUM
797 74 841 125 o
874 67 1383 127 RGANUM.
1479 83 1608 144 207

118 192 306 282 'potius
350 211 525 276 quam
577 186 643 247 ad
671 186 927 244 Naturas
979 182 1035 239 8<
1068 184 1316 240 Formas
1366 175 1655 258 simplices
1684 202 1700 225 ο

204 278 482 366 Exempli
527 271 713 360 gratia
742 297 776 348 ,-
830 269 1110 344 Instanzie
1161 263 1525 328 Consormes
1575 263 1706 323 sunt

114 390 226 458 qu?
274 372 631 454 sequuntur:
684 359 1046 441 Speculum,
1096 358 1154 416 δε
1205 353 1428 414 Oculus
1451 380 1487 431 ;
1535 354 1594 412 ὃς
1645 347 1705 410 st-

117 461 345 524 militer
387 451 609 518 fabrica
640 449 822 510 Auris
849 495 867 525 ,
919 449 972 508 &-
1002 447 1131 507 loca
1160 441 1465 505 reddentia
1491 439 1663 502 Echo
1687 477 1704 498 .

117 556 210 614 Ex
257 572 368 632 qua
408 535 855 605 conformitate
901 585 917 612 ‚
970 556 1159 619 preter
1204 531 1388 616 ipsam
1435 528 1711 589 observa-

125 641 348 702 tionem
376 625 850 702 Similitudinis,
899 648 1014 706 (μς
1042 625 1109 686 ad
1159 621 1345 683 multa
1373 616 1540 679 utilis
1587 615 1667 675 est
1692 656 1714 688 ‚

117 725 382 813 proclive
425 718 504 782 est
549 718 784 802 insuper
828 713 1108 798 colligere
1155 713 1213 772 8<
1258 708 1514 771 formare
1565 702 1713 766 illud

116 814 381 881 Axioma
407 836 444 890 ;
491 807 773 871 videlicet
799 855 817 881 ‚
841 808 1080 887 Organa
1107 799 1390 862 Sensuum
1420 846 1437 872 ‚
1480 799 1535 857 ὃς
1567 798 1717 856 Cor-

118 926 254 990 pora
300 922 409 984 que
438 890 673 983 pariunt
723 892 1072 956 reflexiones
1123 890 1190 951 ad
1220 887 1424 951 Sensus
1452 934 1469 960 ‚
1518 883 1628 945 effe
1655 880 1720 942 fi-

115 992 276 1055 milis
324 993 597 1067 Nature.
647 985 867 1048 Rursus
913 1006 987 1044 ex
1035 981 1145 1043 hoc
1200 977 1324 1061 ipso
1374 970 1716 1038 admonitus

117 1078 466 1144 Intelleffius
490 1126 507 1154 ‚
555 1099 675 1136 non
702 1097 837 1156 egre
866 1071 1114 1153 insurgit
1138 1070 1207 1130 ad
1237 1066 1506 1128 Axioma
1531 1061 1719 1145 quod-

117 1173 250 1232 dam
297 1166 478 1227 altius
504 1167 560 1224 &
609 1159 870 1223 nobilius
899 1209 913 1223 .
964 1161 1103 1218 Hoc
1129 1151 1423 1216 nimirum
1450 1178 1486 1230 ;
1536 1147 1718 1212 Nihil

126 1253 396 1319 interesse
445 1252 600 1314 inter
629 1246 958 1314 consensus
1000 1243 1115 1306 five
1142 1241 1525 1327 Sympathias
1569 1243 1721 1301 Cor-

123 1367 328 1429 porum
357 1342 514 1405 sensu
562 1339 926 1422 preditorum
957 1379 972 1406 ,
1024 1331 1574 1392 &inanimatorum
1604 1325 1721 1388 fine

125 1434 284 1499 sensu
311 1460 346 1509 ;
393 1426 682 1508 nisiquod
724 1423 786 1482 in
837 1419 958 1480 illis
1003 1418 1239 1479 accedat
1285 1417 1523 1498 spiritus
1569 1414 1724 1477 Ani-

126 1521 296 1587 malis
345 1521 412 1581 ad
439 1519 672 1597 Corpus
725 1509 803 1572 ita
828 1505 1170 1591 dispositum
1199 1533 1236 1583 ;
1282 1503 1343 1566 in
1389 1503 1480 1565 his
1525 1523 1723 1566 autem

126 1610 270 1674 abfit
294 1654 309 1669 .
362 1605 537 1668 Adeo
565 1624 628 1664 ut
676 1620 825 1686 quot
854 1596 963 1658 sint
988 1595 1319 1657 Consensus
1346 1592 1404 1654 in
1430 1591 1720 1677 Corpori.

126 1704 227 1762 bus
271 1694 664 1766 inanimatis,
717 1711 804 1752 tot
837 1684 1048 1772 poffint
1094 1683 1203 1745 esse
1243 1682 1434 1746 sensus
1479 1681 1542 1743 in
1569 1677 1721 1745 Ani.

123 1786 423 1861 malibuS,
474 1781 720 1844 sieffent
771 1774 1197 1862 perforationes
1241 1771 1304 1834 in
1329 1777 1599 1856 Corpore
1639 1776 1724 1832 A.

125 1878 386 1950 nimam,
414 1875 482 1934 ad
511 1869 834 1933 discursum
859 1865 1089 1949 spiritus
1116 1862 1423 1929 Animalis
1448 1862 1507 1923 in
1536 1883 1723 1922 mem-

130 1969 304 2030 brum
351 1963 467 2024 rite
515 1956 855 2043 dispositum
901 2003 919 2032 ,
969 1976 1248 2036 tanquam
1299 1951 1359 2013 in
1406 1954 1722 2035 Organum

123 2056 448 2119 idoneum.
501 2055 576 2113 Et
624 2047 850 2123 rursm,
900 2066 1043 2129 quot
1091 2040 1198 2104 sint
1242 2040 1434 2104 sensus
1478 2039 1539 2101 in
1568 2038 1726 2101 Ani-

129 2143 383 2206 malibus
408 2191 424 2217 ,
472 2163 565 2202 tot
591 2137 698 2200 sint
745 2133 1136 2219 proculdubio
1163 2134 1379 2194 Motus
1407 2129 1466 2191 in
1492 2131 1721 2210 Corpo-

128 2258 190 2295 re
236 2229 568 2296 inanimato
596 2278 612 2303 ‚
661 2229 757 2291 ubi
787 2225 1039 2310 Spiritus
1067 2219 1369 2284 Animalis
1414 2217 1671 2281 abfuerit
1698 2238 1722 2303 3

126 2322 273 2385 licet
319 2319 542 2383 neceffe
570 2318 635 2380 sit
681 2318 871 2380 multo
899 2315 1089 2399 plures
1114 2310 1225 2374 effe
1250 2313 1460 2373 Motus
1485 2308 1546 2369 in
1573 2309 1724 2369 Cor-

128 2411 368 2496 poribus
411 2408 755 2471 inanimatis
781 2456 796 2484 ,
847 2428 1024 2489 quam
1052 2400 1255 2463 Sensus
1298 2398 1360 2462 in
1388 2394 1719 2471 Animati8‚

137 2524 374 2583 propter
417 2499 780 2582 paucitatem
807 2500 1186 2580 Organorum
1212 2490 1416 2553 Sensus
1444 2538 1458 2555 .
1510 2490 1720 2565 Atque

134 2589 303 2671 hujus
346 2589 429 2652 rei
453 2588 706 2652 ostendit
750 2587 803 2650 se
849 2582 1207 2668 Exemplum
1255 2579 1422 2641 valde
1474 2571 1723 2636 manife-

136 2678 280 2740 stum
309 2681 368 2741 in
412 2680 713 2742 doloribus
739 2726 752 2740 .
803 2674 1044 2737 Etenim
1072 2694 1252 2758 quum
1305 2668 1410 2730 sint
1436 2667 1600 2751 plura
1621 2683 1721 2747 ge-

137 2790 274 2830 nera
301 2768 545 2830 Dolor-is
588 2768 646 2830 in
675 2765 1058 2830 Animalibus
1082 2816 1103 2846 ‚
1150 2765 1515 2844 &tanquam
1561 2749 1722 2813 varii

139 2855 299 2921 illius
323 2854 709 2924 Charaffieres
732 2905 752 2940 ,
802 2851 1038 2943 (veluti
1081 2850 1229 2919 alius
1274 2850 1353 2912 est
1391 2843 1586 2995 Dolspr
1631 2843 1717 2902 U-

582 2977 586 2980 -
1549 2953 1626 2993 10-
1712 2962 1728 2991 ι
