2131 3573
502 127 1196 201 PREAEFATIO.
1462 137 1585 197 Vn

0 287 11 326 2
99 256 183 320 les
206 251 366 317 enim
407 267 636 310 tantum
667 246 927 309 rationes
971 243 1197 331 sequuti
1246 243 1562 326 videntur,
1611 253 1673 312 δ’.

0 394 9 411 .
96 359 569 431 argumentorum
598 335 894 421 vertigine
920 336 1398 420 circumaguntur
1421 385 1437 411 ‚
1463 341 1519 397 ὃ(
1547 362 1674 421 pro-

0 485 5 498 .
95 435 317 497 miscua
334 426 626 512 quaerendi
675 424 916 488 licentia
941 423 1314 487 severitatem
1341 424 1674 509 inquisitio-

97 525 191 586 nis
213 536 557 582 enervarunt
584 567 599 581 .
654 519 855 578 Nemo
878 536 1072 577 autem
1097 514 1388 598 reperitur
1410 565 1431 596 ‚
1478 515 1578 598 qui
1608 516 1671 577 in

93 613 258 672 rebus
280 604 410 690 ipsis
435 654 452 679 ,
498 610 555 666 δ(
582 602 947 687 experientia
970 652 987 679 ‚
1036 625 1268 676 moram
1305 601 1508 664 fecerit
1538 604 1679 687 legi-

94 700 297 762 timam
324 745 342 760 .
384 696 597 777 Atque
639 694 905 756 nonnulli
953 692 1140 756 rursus
1163 694 1263 777 qui
1293 690 1679 774 experientiae

93 783 256 847 undis
299 783 355 844 se
397 783 743 845 commisere
788 831 806 860 ‚
873 784 931 844 ἃ
977 782 1098 844 fere
1138 780 1485 843 Mechanici
1529 780 1676 844 faffi

94 874 219 936 sunt
247 894 269 957 ;
315 892 513 932 tamen
559 870 678 955 ipsa
725 871 1090 955 experientia
1117 871 1449 931 Erraticam
1496 893 1681 953 quan-

91 962 226 1024 dam
271 959 707 1044 inquisitionem
752 982 1030 1023 exercent
1059 1008 1077 1036 ‚
1123 982 1229 1020 nec
1275 959 1327 1021 ei
1354 980 1515 1019 certa
1551 960 1681 1043 lege

93 1048 356 1111 militant
379 1095 396 1110 .
443 1050 611 1128 Quin
636 1054 692 1112 ὃ(
738 1049 1001 1134 plerique
1025 1048 1226 1132 pusllla
1251 1049 1515 1132 quaedam
1543 1069 1683 1130 pen-

93 1139 148 1200 sa
174 1136 276 1200 sibi
305 1140 652 1223 proposuere
677 1190 696 1216 ,
721 1162 827 1222 pro
853 1161 1067 1222 magno
1087 1138 1365 1200 ducentes
1388 1186 1408 1215 ‚
1433 1135 1472 1197 fi
1496 1158 1682 1197 unum

95 1226 331 1309 aliquod
379 1226 688 1288 inventum
715 1250 915 1288 eruere
961 1225 1222 1311 poffint3
1266 1225 1537 1288 instituto
1560 1247 1683 1286 non

98 1311 292 1374 minus
320 1311 480 1372 tenui
509 1359 525 1386 ‚
574 1333 752 1394 quam
777 1311 1054 1393 imperito
1080 1362 1097 1375 .
1147 1317 1349 1372 Nemo
1386 1315 1545 1372 enim
1594 1313 1684 1373 rei

102 1398 346 1480 alicujus
368 1419 634 1458 naturam
662 1398 721 1457 in
746 1396 864 1478 ipsa
894 1419 950 1456 re
976 1400 1133 1455 resse
1156 1419 1255 1457 aut
1280 1398 1534 1458 feliciter
1558 1422 1687 1481 per·

101 1486 436 1569 scrutatur3
482 1506 688 1544 verum
722 1483 843 1565 post
869 1480 1225 1544 laboriosam
1250 1482 1688 1564 experimento-

99 1596 228 1636 rum
273 1569 669 1633 variationem
715 1593 834 1632 non
881 1569 1201 1652 acquiescit
1247 1619 1267 1647 ,
1316 1570 1410 1633 sed
1455 1571 1687 1634 invenit·

102 1660 258 1746 quod
295 1658 547 1723 'ulterius
613 1679 833 1744 quaerat
880 1705 894 1719 .
967 1661 1179 1744 Neque
1225 1658 1370 1721 illud
1407 1660 1683 1743 inprimis

100 1749 501 1812 omittendum
527 1747 648 1824 est,
695 1748 850 1832 quod
875 1747 1069 1808 omnis
1115 1747 1177 1809 in
1222 1749 1693 1832 experiendoin·

100 1835 314 1899 dustria
358 1835 550 1898 statim
577 1838 649 1898 ab
695 1836 876 1897 initio
899 1859 1075 1916 opera
1120 1837 1381 1918 quaedam
1410 1838 1691 1900 destinata

99 1947 471 2008 praepropero
530 1927 585 1985 &
650 1923 1069 2007 intempestivo
1129 1925 1316 1987 studio
1360 1928 1619 2009 captavit
1668 1951 1689 2011 3

102 2011 437 2075 Fruffiifera
484 2011 774 2094 (inquam
812 2011 834 2092 )
884 2012 1306 2094 Experimenta
1348 2062 1367 2091 ‚
1412 2038 1531 2076 non
1575 2019 1694 2078 Lu·

107 2100 288 2162 cifera
313 2148 332 2177 ‚
377 2099 688 2186 quaefivit3
738 2122 842 2160 nec
864 2099 1130 2162 ordinem
1156 2102 1428 2165 divinum
1456 2103 1692 2167 imitata

106 2188 186 2250 est
211 2236 227 2265 ,
273 2187 376 2273 qui
403 2188 597 2272 primo
619 2188 713 2250 die
740 2188 927 2250 lucem
955 2208 1186 2250 tantum
1210 2190 1432 2250 creavit
1458 2240 1473 2265 ‚
1522 2194 1694 2275 eique

109 2298 291 2340 unum
334 2275 496 2338 diem
546 2277 844 2363 integrum
888 2277 1209 2363 attribuit3
1257 2279 1577 2362 nequeillo
1596 2280 1691 2343 die

109 2363 432 2449 quicquam
462 2366 755 2428 materiati
783 2365 976 2449 operis
1006 2365 1279 2448 produxit
1306 2413 1323 2440 ,
1371 2389 1573 2430 verum
1620 2370 1696 2431 se⁹

110 2452 427 2537 quentibus
453 2454 654 2516 diebus
678 2455 747 2517 ad
773 2477 838 2516 ea
861 2454 1154 2516 descendit
1180 2501 1196 2517 .
1245 2458 1332 2517 At
1357 2503 1374 2531 ,
1421 2456 1520 2539 qui
1543 2457 1694 2518 sum-

111 2563 237 2601 mas
282 2541 628 2604 Dialeffiicae
675 2564 864 2628 partes
908 2542 1236 2604 tribuerunt
1276 2591 1292 2619 ‚
1341 2564 1511 2629 atque
1557 2544 1692 2607 inde

115 2625 387 2691 fidiffima
412 2629 686 2692 Scientiis
729 2629 983 2717 praesidia
1007 2629 1332 2715 comparati
1377 2653 1694 2717 putarunt,

117 2715 415 2778 veriffime
461 2719 773 2802 &optime
821 2718 1138 2797 viderunt,
1186 2718 1552 2783 intellefflum
1599 2721 1698 2782 hu·

122 2824 358 2865 manum
386 2804 487 2867 sibi
536 2807 918 2892 permistum,
966 2806 1182 2871 merito
1221 2806 1542 2894 susperstum
1587 2807 1722 2882 effe.

130 2891 338 2954 debere
363 2942 379 2958 .
428 2891 647 2968 Verum
695 2895 993 2961 infirm-ior
1030 2895 1281 2959 omnino
1303 2898 1380 2961 est
1405 2897 1559 2960 malo
1584 2919 1703 2960 me-

1051 3009 1086 3048 a
1173 3008 1218 3067 4
1476 2985 1624 3050 dici-
