2131 3573
325 80 692 148 NoVUM
751 73 1331 135 ORGANUM.
1447 66 1564 150 167

161 207 262 268 18.
310 198 410 261 Sol
431 194 608 258 etiam
634 240 655 274 ‚
706 192 764 248 δε
792 185 1061 248 similiter
1105 181 1320 264 reliqui
1353 179 1604 242 Planetae
1630 225 1650 255 ,

73 290 383 357 calefacere
408 281 591 366 magis
614 276 1026 340 existimantur
1050 323 1067 352 ‚
1116 292 1252 333 cum
1278 268 1386 330 s1nt
1435 267 1495 330 in
1532 292 1660 352 pro-

69 381 243 445 ximo
288 379 359 441 ad
382 370 585 436 Stellas
633 364 779 430 fixas
808 367 1108 448 majores;
1157 357 1348 422 veluti
1397 379 1530 419 cum
1555 358 1656 418 Sol

65 470 308 556 ponitur
348 465 409 525 in
433 465 638 523 Leone
664 505 680 534 ,
730 453 916 539 magis
939 452 1173 516 vicinus
1219 445 1288 509 fit
1313 446 1474 506 cordi
1502 449 1657 507 Leo-

67 559 159 622 nis
184 607 201 635 ‚
246 552 436 618 caudae
459 543 687 612 Leonis-
707 592 726 621 ‚
775 546 834 607 ἃ
862 541 1047 628 Spicae
1070 535 1324 623 virginis
1348 583 1366 611 ,
1393 535 1450 594 3<
1476 534 1654 606 Sirio,

69 651 129 711 ἃ
179 637 478 713 Caniculae
503 686 521 714 ‚
568 655 749 721 quam
794 655 929 695 cum
979 629 1220 714 ponitur
1269 623 1330 686 in
1378 625 1612 685 Cancro
1641 669 1656 691 ,

68 734 167 799 ubi
193 749 385 796 tamen
435 726 625 811 magis
651 721 861 785 sistitur
883 721 952 783 ad
978 712 1455 804 perpendiculum
1483 760 1499 776 .
1552 714 1662 770 At-

67 846 179 909 que
221 816 572 883 eredendum
599 813 677 876 est
700 861 719 890 ‚
765 831 956 898 partes
978 807 1128 871 Caeli
1156 805 1440 885 majorem
1469 796 1662 859 infun-

66 915 197 976 dere
245 907 512 970 talorem
562 902 749 988 (licet
775 901 844 963 ad
892 899 1121 961 mestum
1165 893 1416 956 minime
1464 909 1660 973 peree-

67 997 395 1085 ptibilem)
445 1017 566 1079 quo
592 990 782 1077 magis
825 1009 1047 1053 ornatae
1074 983 1186 1047 sint
1231 978 1431 1044 Stellis
1457 1025 1474 1055 ‚
1526 997 1666 1062 prae-

64 1087 263 1152 sertim
292 1085 615 1168 majoribus
641 1127 659 1144 .

159 1197 263 1257 19.
309 1169 584 1234 Omnino
605 1165 790 1231 Calor
811 1161 1159 1227 Coelestium
1184 1173 1435 1242 augetur
1477 1151 1666 1213 tribus

68 1263 311 1346 modis3
356 1257 645 1322 videlicet
669 1278 745 1317 ex
795 1247 1258 1337 perpendicu10‚
1305 1267 1383 1306 ex
1426 1240 1666 1325 propin-

69 1352 294 1438 quitate
343 1347 458 1410 five
509 1342 822 1426 PerigaeO,
865 1342 920 1400 &
948 1360 1026 1399 ex
1070 1329 1505 1412 conjunstione
1550 1328 1668 1390 sive

71 1436 370 1505 consortio
394 1432 712 1496 Stellarum
743 1475 761 1493 .

160 1549 265 1593 20.
314 1527 611 1607 Magnum
629 1511 882 1580 omnino
927 1506 1236 1577 invenitur
1277 1503 1667 1569 intervalium

73 1619 233 1682 inter
252 1613 538 1676 Calorem
564 1600 946 1671 Animalium
973 1647 990 1675 ‚
1039 1621 1104 1660 ac
1130 1597 1315 1659 etiam
1363 1592 1664 1658 radiorum

73 1701 426 1770 Coelestium
447 1751 472 1784 ,
522 1698 741 1783 (prout
767 1691 837 1754 ad
883 1711 993 1751 nos
1013 1685 1354 1749 deferuntur
1377 1731 1395 1759 ‚
1420 1683 1442 1764 )
1493 1703 1670 1766 atque

75 1793 379 1857 flammam
410 1838 428 1867 ,
477 1787 618 1849 licet
644 1779 1002 1847 leniffimam
1030 1827 1051 1860 ‚
1099 1798 1272 1861 atque
1297 1771 1478 1836 etiam
1506 1772 1672 1855 Igni-

77 1905 137 1946 ta
179 1879 435 1962 omnia;
482 1895 662 1959 atque
702 1868 938 1953 insuper
983 1863 1288 1950 liquores,
1331 1881 1432 1925 aut
1473 1882 1669 1922 aerem

75 1970 267 2054 ipsum
292 2016 310 2043 ,
359 1965 652 2047 majorem
676 1958 740 2023 in
768 1957 1008 2020 modum
1034 1955 1112 2017 ab
1133 1955 1267 2040 igne
1294 1949 1671 2014 calefaElum.

78 2056 321 2123 Etenim
368 2054 610 2117 flamma
655 2048 891 2135 spiritus
915 2043 1041 2106 vini
1069 2092 1087 2120 ,
1134 2039 1456 2126 praesertim
1504 2061 1629 2100 rara
1654 2084 1675 2114 ,

82 2170 195 2210 nec
238 2143 562 2227 constipata
590 2190 607 2217 ‚
653 2159 855 2201 tamen
905 2132 1059 2217 potis
1107 2132 1185 2193 est
1232 2130 1483 2192 stramen
1511 2175 1528 2203 ‚
1575 2144 1678 2187 aut

79 2237 338 2299 linteum
367 2283 389 2310 ,
433 2254 529 2294 aut
575 2249 864 2314 papyrum
913 2221 1227 2286 incendere
1257 2243 1276 2302 3
1325 2215 1482 2301 quod
1529 2220 1684 2275 nuni

88 2348 267 2409 quam
292 2320 471 2391 faciet
494 2319 680 2383 Calor
703 2311 1005 2379 Animalis
1029 2359 1047 2388 ‚
1095 2308 1192 2374 vel
1217 2306 1369 2370 Solis
1393 2357 1415 2388 ‚
1461 2303 1678 2387 absque

83 2411 333 2499 speculis
380 2406 868 2473 comburentibus
894 2454 916 2470 .-

175 2525 281 2566 21.
303 2499 588 2563 Flammae
612 2515 806 2559 autern
834 2542 851 2570 ,
899 2493 961 2554 δε
999 2486 1333 2575 Ignitorum
1361 2532 1378 2560 ‚
1427 2479 1674 2566 plurimi

87 2590 219 2653 sunt
244 2589 454 2675 gradus
501 2588 561 2651 in
584 2581 939 2648 fortitudine
984 2581 1041 2642 &
1067 2575 1370 2639 debilitate
1393 2570 1630 2635 Caloris
1658 2617 1673 2631 .

90 2683 316 2740 Verum
338 2679 414 2743 de
434 2676 525 2739 his
573 2675 733 2738 nulla
756 2672 833 2734 est
858 2669 1013 2732 sabla
1034 2664 1286 2750 diligens
1311 2656 1626 2745 Inquisitio
1655 2680 1681 2742 ‘3

91 2789 156 2829 ut
203 2767 421 2829 neceffe
445 2764 512 2827 fit
558 2764 664 2828 ista
685 2759 896 2824 leviter
941 2755 1373 2818 transmittere.
1425 2745 1684 2807 Videtur

96 2876 292 2920 autern
319 2878 394 2918 ex
439 2843 1177 2998 flammisillaexgpiritu
1224 2833 1683 2984 vinieffelrsnol-

944 3001 947 3004 ⁴
1088 2955 1133 3017 4
1525 2946 1589 2985 ι-
