2131 3573
334 99 702 161 NoVUM
757 90 1326 166 oRGANUM.
1424 121 1549 181 259

54 211 214 276 enim
243 206 647 275 Schematismi
699 208 843 294 (qui
895 207 1227 275 referuntur
1272 214 1341 275 ad·
1390 214 1635 278 diffimi.

52 304 312 366 laritates
361 300 611 386 partium
636 318 761 381 quae
809 297 870 359 in
897 300 1100 362 eodem
1150 324 1395 384 corpore
1445 305 1635 365 conti-

49 413 260 453 nentur
284 439 300 467 ‚
348 394 407 452 &
433 384 852 449 collocationes
898 411 964 449 ac
991 388 1269 472 posituras
1295 393 1639 474 earundem)

50 501 174 564 prae
223 479 330 540 illo
353 476 535 540 altero
582 473 712 536 sunt
761 475 1136 544 secundarii·

19 577 21 579 ’
141 567 231 628 Sit
278 566 474 649 itaque
523 567 752 625 Natura
802 565 1129 650 Inquifita‚
1177 568 1471 650 Expanfio
1520 569 1637 630 five

51 655 264 718 Coitio
310 650 654 714 materiaein
706 656 1053 737 corporibus
1090 655 1460 739 respefitive:
1511 657 1634 718 vid.

55 741 643 826 quantum-Materiae
693 741 940 826 impleat
970 764 1254 826 quantum
1285 745 1640 806 Dimerssum

50 832 111 892 in
175 827 406 912 singulis
452 871 467 890 .
539 831 779 892 Etenim
829 854 862 891 n
900 871 918 890 r
965 831 1159 892 verius
1210 833 1267 892 in
1317 836 1542 895 Natura
1614 882 1633 909 ‚

49 940 219 1002 quarn
268 916 585 1001 propositio
627 919 728 980 illa
778 918 1080 1004 gemellag
1129 924 1222 980 Ex
1264 919 1441 982 nihilo
1485 922 1635 981 nihil

43 1006 211 1087 fieri:
266 1029 498 1089 neque,
545 1009 857 1089 Quicquam
887 1010 943 1067 in
992 1011 1230 1068 nihilum
1258 1011 1480 1093 redigi:
1532 1032 1632 1071 Ve-

41 1115 170 1159 rum
217 1097 524 1172 Quantum
572 1096 760 1176 ipsum
808 1096 1085 1157 Materiae
1139 1097 1252 1155 sive
1321 1101 1630 1161 Summam

39 1182 285 1242 'totalem
335 1180 642 1262 constare,
691 1203 796 1242 nec
822 1182 1022 1264 augeri
1072 1203 1168 1242 aut
1199 1182 1433 1247 minui.
1491 1187 1625 1247 Nec

40 1269 186 1329 illud
235 1267 426 1328 minus
473 1291 676 1328 verum
726 1293 746 1352 3
815 1273 909 1328 Ex
950 1276 1177 1347 ,Quanto
1218 1272 1316 1331 illo
1358 1275 1624 1334 Materiae

30 1359 135 1437 sub
160 1357 348 1436 iisdem
383 1359 590 1437 spatiis
620 1353 746 1426 five
768 1357 1235 1433 dimensionibus,
1279 1380 1380 1439 pro
1424 1363 1624 1422 diver-

29 1445 201 1518 sitate
242 1466 554 1524 corporum,
596 1443 822 1521 plus&
865 1443 1046 1501 minus
1091 1446 1356 1504 contineri
1381 1469 1404 1530 3
1454 1470 1517 1507 ut
1563 1447 1628 1509 in

37 1535 216 1613 Aqua
260 1530 428 1613 plu5‚
473 1529 534 1590 in
582 1533 742 1591 Aere
789 1527 1024 1592 minus:
1075 1532 1248 1593 Adeo
1295 1552 1357 1594 ut
1409 1532 1445 1594 fi
1494 1534 1629 1618 quis

38 1619 278 1693 afferat,
324 1619 560 1702 aliquod
606 1636 951 1679 contentum
982 1622 1170 1700 Aquae
1221 1618 1281 1680 in
1335 1645 1435 1704 par
1484 1644 1624 1684 con-

36 1725 263 1768 tentum
288 1707 464 1768 Aeris
514 1706 659 1768 verti
708 1703 898 1790 posse,
954 1703 1109 1766 idem
1137 1705 1201 1768 sn:
1250 1709 1377 1770 acfi
1427 1710 1624 1788 dicat,

41 1793 293 1879 Aliquid
343 1795 497 1879 posse
542 1794 726 1878 redigi
779 1794 838 1855 in
891 1793 1166 1857 Nihilum
1219 1820 1232 1857 :
1306 1800 1537 1862 Contra
1585 1800 1625 1861 fi

36 1883 172 1967 quis
218 1881 463 1957 afferat,
512 1883 749 1967 aliquod
799 1903 1141 1945 contentum
1190 1886 1364 1948 Aeris
1413 1886 1472 1947 in
1523 1912 1626 1972 par

37 1990 378 2032 contentum
412 1976 596 2054 Aquae
647 1971 795 2033 verti
826 1969 1023 2056 poffe3
1075 1974 1227 2034 idem
1263 1973 1320 2034 lit
1372 1999 1435 2036 ac
1464 1974 1500 2037 fi
1540 1978 1622 2039 di-

33 2076 177 2140 cat,
224 2058 477 2142 Aliquid
518 2059 669 2136 poffe
719 2059 840 2122 fieri
889 2083 960 2120 ex
1009 2060 1239 2122 nihilo'.
1296 2066 1495 2146 Atque
1541 2089 1619 2128 ex

37 2146 331 2230 copiaista
381 2150 436 2208 &
470 2149 764 2211 paucitate
791 2149 1104 2226 Materiae,
1162 2149 1460 2213 Notiones
1503 2152 1621 2216 illae
1696 2155 1739 2189 ⁶

37 2236 207 2308 Densi
252 2238 309 2296 8<
353 2238 504 2298 Rari
547 2285 563 2312 ,
610 2259 737 2323 quae
784 2237 944 2298 varie
994 2240 1049 2297 δε
1098 2237 1424 2320 promiscue
1470 2242 1619 2304 acci-

34 2324 309 2405 piuntur,
358 2325 588 2409 proprie
634 2325 1079 2390 abstrahuntur.
1135 2323 1487 2391 Affuznenda
1534 2331 1616 2395 est

38 2413 95 2471 &
122 2411 377 2474 Affertio
426 2414 527 2476 illa
551 2416 723 2477 tertia
751 2462 766 2493 ,
815 2414 994 2476 etiam
1024 2413 1165 2476 satis
1208 2437 1404 2480 mrta:
1454 2420 1609 2501 quod

38 2497 190 2573 hoc,
237 2501 304 2562 de
327 2525 443 2585 quo
485 2502 828 2588 loquimur,
882 2503 1015 2564 Plus
1061 2506 1118 2565 ὃ(
1164 2504 1370 2567 Minus
1420 2508 1612 2568 Mate-

38 2585 137 2647 riae
182 2588 237 2647 in
263 2612 503 2675 corpore
552 2593 661 2655 hoc
709 2595 802 2655 vel
848 2591 993 2666 ill0,
1044 2592 1112 2655 ad
1157 2594 1433 2657 Calculos
1484 2596 1612 2673 (fa-
1902 2626 1903 2630 ¹

12 2674 133 2736 ‘osta
182 2677 537 2760 collatione)
586 2686 644 2746 ὅ(
695 2682 1106 2765 proportiones
1151 2683 1384 2745 exaestas
1430 2736 1450 2765 ,
1513 2705 1614 2746 aut
1828 2639 1966 2765 1,,

39 2763 265 2824 εκεὲὶὶε
310 2767 664 2853 propinquas
711 2821 726 2847 ,
798 2769 987 2833 reduci
1040 2771 1206 2852 poffit
1250 2821 1268 2839 .
1322 2769 1522 2832 Veluti
1574 2771 1615 2833 fi

36 2852 166 2935 quis
210 2851 413 2937 dicat,
460 2856 717 2922 ineffein
765 2861 899 2924 dato
927 2878 1203 2942 contento
1249 2857 1402 2922 Auri
1428 2859 1607 2924 talem

603 2972 609 2976 ·
952 2949 1001 3006 R
1099 2969 1134 3011 2.
1403 2969 1527 3008 coa-
