<?xml version="1.0" encoding="UTF-8"?>
<!DOCTYPE html PUBLIC "-//W3C//DTD XHTML 1.0 Transitional//EN"
    "http://www.w3.org/TR/xhtml1/DTD/xhtml1-transitional.dtd">
<html xmlns="http://www.w3.org/1999/xhtml" xml:lang="en" lang="en">
 <head>
  <title>
</title>
<meta http-equiv="Content-Type" content="text/html;charset=utf-8" />
  <meta name='ocr-system' content='tesseract 3.04.00' />
  <meta name='ocr-capabilities' content='ocr_page ocr_carea ocr_par ocr_line ocrx_word'/>
</head>
<body>
  <div class='ocr_page' id='page_1' title='image "1762novumorganum00baco_0175.png"; bbox 0 0 2131 3573; ppageno 0'>
   <div class='ocr_carea' id='block_1_1' title="bbox 334 88 1577 182">
    <p class='ocr_par' dir='ltr' id='par_1_1' title="bbox 334 88 1577 182">
     <span class='ocr_line' id='line_1_1' title="bbox 334 88 1577 182; baseline 0.007 -30"><span class='ocrx_word' id='word_1_1' title='bbox 334 88 713 152; x_wconf 74' lang='lat' dir='ltr'><em>?NOVUM</em></span> <span class='ocrx_word' id='word_1_2' title='bbox 773 88 1355 162; x_wconf 72' lang='lat' dir='ltr'><em>ORGANUM.</em></span> <span class='ocrx_word' id='word_1_3' title='bbox 1457 114 1577 182; x_wconf 73' lang='lat'>147</span> 
     </span>
    </p>
   </div>
   <div class='ocr_carea' id='block_1_2' title="bbox 482 288 1241 370">
    <p class='ocr_par' dir='ltr' id='par_1_2' title="bbox 482 288 1241 370">
     <span class='ocr_line' id='line_1_2' title="bbox 482 288 1241 370; baseline 0.009 -21"><span class='ocrx_word' id='word_1_4' title='bbox 482 289 598 352; x_wconf 66' lang='lat' dir='ltr'>,Ad</span> <span class='ocrx_word' id='word_1_5' title='bbox 635 288 930 370; x_wconf 83' lang='lat' dir='ltr'>secundam</span> <span class='ocrx_word' id='word_1_6' title='bbox 959 340 975 370; x_wconf 90' lang='lat'>,</span> <span class='ocrx_word' id='word_1_7' title='bbox 1025 296 1198 356; x_wconf 78' lang='lat' dir='ltr'>tertia</span> <span class='ocrx_word' id='word_1_8' title='bbox 1226 346 1241 362; x_wconf 86' lang='lat'><strong>.</strong></span> 
     </span>
    </p>
   </div>
   <div class='ocr_carea' id='block_1_3' title="bbox 51 463 1673 2415">
    <p class='ocr_par' dir='ltr' id='par_1_3' title="bbox 51 463 1673 2415">
     <span class='ocr_line' id='line_1_3' title="bbox 68 463 1668 559; baseline 0.001 -30"><span class='ocrx_word' id='word_1_9' title='bbox 68 484 71 485; x_wconf 71' lang='grc'>’</span> <span class='ocrx_word' id='word_1_10' title='bbox 162 463 433 532; x_wconf 82' lang='lat' dir='ltr'>Reflexio</span> <span class='ocrx_word' id='word_1_11' title='bbox 478 463 774 529; x_wconf 87' lang='lat' dir='ltr'>radiorum</span> <span class='ocrx_word' id='word_1_12' title='bbox 802 469 954 531; x_wconf 85' lang='lat' dir='ltr'>Solis</span> <span class='ocrx_word' id='word_1_13' title='bbox 978 519 995 546; x_wconf 82' lang='lat'>,</span> <span class='ocrx_word' id='word_1_14' title='bbox 1047 470 1109 534; x_wconf 87' lang='lat' dir='ltr'>in</span> <span class='ocrx_word' id='word_1_15' title='bbox 1145 470 1510 557; x_wconf 83' lang='lat' dir='ltr'>Regionibus</span> <span class='ocrx_word' id='word_1_16' title='bbox 1537 500 1668 559; x_wconf 85' lang='lat' dir='ltr'>pro.</span> 
     </span>
     <span class='ocr_line' id='line_1_4' title="bbox 72 555 1673 639; baseline 0.005 -21"><span class='ocrx_word' id='word_1_17' title='bbox 72 579 146 639; x_wconf 77' lang='lat' dir='ltr'>pe</span> <span class='ocrx_word' id='word_1_18' title='bbox 171 555 437 621; x_wconf 79' lang='lat' dir='ltr'>Circulos</span> <span class='ocrx_word' id='word_1_19' title='bbox 460 557 698 618; x_wconf 86' lang='lat' dir='ltr'>Polares</span> <span class='ocrx_word' id='word_1_20' title='bbox 723 604 739 633; x_wconf 95' lang='lat'>,</span> <span class='ocrx_word' id='word_1_21' title='bbox 788 558 1103 623; x_wconf 83' lang='lat' dir='ltr'>admodum</span> <span class='ocrx_word' id='word_1_22' title='bbox 1131 562 1342 624; x_wconf 83' lang='lat' dir='ltr'>debilis</span> <span class='ocrx_word' id='word_1_23' title='bbox 1393 565 1447 623; x_wconf 73' lang='lat'>8&lt;</span> <span class='ocrx_word' id='word_1_24' title='bbox 1477 563 1673 626; x_wconf 77' lang='lat' dir='ltr'>ineffi-¹</span> 
     </span>
     <span class='ocr_line' id='line_1_5' title="bbox 71 643 1665 737; baseline 0.005 -31"><span class='ocrx_word' id='word_1_25' title='bbox 71 669 183 708; x_wconf 81' lang='lat' dir='ltr'>cax</span> <span class='ocrx_word' id='word_1_26' title='bbox 226 643 521 708; x_wconf 87' lang='lat' dir='ltr'>invenitur</span> <span class='ocrx_word' id='word_1_27' title='bbox 569 644 630 706; x_wconf 84' lang='lat' dir='ltr'>in</span> <span class='ocrx_word' id='word_1_28' title='bbox 651 644 918 710; x_wconf 86' lang='lat' dir='ltr'>Calore:</span> <span class='ocrx_word' id='word_1_29' title='bbox 971 650 1116 711; x_wconf 79' lang='lat' dir='ltr'>adeo</span> <span class='ocrx_word' id='word_1_30' title='bbox 1166 672 1227 714; x_wconf 89' lang='lat' dir='ltr'>ut</span> <span class='ocrx_word' id='word_1_31' title='bbox 1274 651 1508 737; x_wconf 78' lang='lat' dir='ltr'>Belgae,</span> <span class='ocrx_word' id='word_1_32' title='bbox 1560 653 1665 736; x_wconf 77' lang='lat' dir='ltr'>qui</span> 
     </span>
     <span class='ocr_line' id='line_1_6' title="bbox 69 732 1668 824; baseline 0.004 -28"><span class='ocrx_word' id='word_1_33' title='bbox 69 735 468 813; x_wconf 72' lang='lat' dir='ltr'>hybernarnnt</span> <span class='ocrx_word' id='word_1_34' title='bbox 517 732 578 794; x_wconf 82' lang='lat' dir='ltr'>in</span> <span class='ocrx_word' id='word_1_35' title='bbox 609 756 762 796; x_wconf 86' lang='lat' dir='ltr'>nova</span> <span class='ocrx_word' id='word_1_36' title='bbox 787 739 1026 798; x_wconf 79' lang='lat' dir='ltr'>Zembla</span> <span class='ocrx_word' id='word_1_37' title='bbox 1052 787 1066 813; x_wconf 87' lang='lat'>‚</span> <span class='ocrx_word' id='word_1_38' title='bbox 1118 762 1252 801; x_wconf 90' lang='lat' dir='ltr'>cum</span> <span class='ocrx_word' id='word_1_39' title='bbox 1281 741 1668 824; x_wconf 70' lang='lat' dir='ltr'>expec&#39;stareut</span> 
     </span>
     <span class='ocr_line' id='line_1_7' title="bbox 69 820 1671 914; baseline 0.005 -30"><span class='ocrx_word' id='word_1_40' title='bbox 69 820 235 885; x_wconf 85' lang='lat' dir='ltr'>nav-is</span> <span class='ocrx_word' id='word_1_41' title='bbox 256 820 362 883; x_wconf 86' lang='lat' dir='ltr'>suae</span> <span class='ocrx_word' id='word_1_42' title='bbox 383 820 803 885; x_wconf 71' lang='lat' dir='ltr'>liberationem</span> <span class='ocrx_word' id='word_1_43' title='bbox 830 828 906 884; x_wconf 85' lang='lat'>&amp;-</span> <span class='ocrx_word' id='word_1_44' title='bbox 929 825 1467 892; x_wconf 64' lang='lat' dir='ltr'>deobstrutffionem</span> <span class='ocrx_word' id='word_1_45' title='bbox 1495 853 1523 890; x_wconf 75' lang='lat' dir='ltr'>a</span> <span class='ocrx_word' id='word_1_46' title='bbox 1551 832 1671 914; x_wconf 80' lang='lat' dir='ltr'>gla-</span> 
     </span>
     <span class='ocr_line' id='line_1_8' title="bbox 67 909 1665 1003; baseline 0.006 -31"><span class='ocrx_word' id='word_1_47' title='bbox 67 911 198 972; x_wconf 84' lang='lat' dir='ltr'>ciali</span> <span class='ocrx_word' id='word_1_48' title='bbox 249 909 449 986; x_wconf 91' lang='lat' dir='ltr'>mole,</span> <span class='ocrx_word' id='word_1_49' title='bbox 501 915 675 995; x_wconf 82' lang='lat' dir='ltr'>(quae</span> <span class='ocrx_word' id='word_1_50' title='bbox 727 935 857 973; x_wconf 87' lang='lat' dir='ltr'>eam</span> <span class='ocrx_word' id='word_1_51' title='bbox 904 914 1211 978; x_wconf 78' lang='lat' dir='ltr'>obsederat</span> <span class='ocrx_word' id='word_1_52' title='bbox 1259 917 1282 996; x_wconf 93' lang='lat'><em>)</em></span> <span class='ocrx_word' id='word_1_53' title='bbox 1336 941 1434 1003; x_wconf 85' lang='lat' dir='ltr'>per</span> <span class='ocrx_word' id='word_1_54' title='bbox 1481 917 1665 981; x_wconf 86' lang='lat' dir='ltr'>initia</span> 
     </span>
     <span class='ocr_line' id='line_1_9' title="bbox 68 995 1672 1083; baseline 0.007 -23"><span class='ocrx_word' id='word_1_55' title='bbox 68 995 273 1060; x_wconf 87' lang='lat' dir='ltr'>menfis</span> <span class='ocrx_word' id='word_1_56' title='bbox 297 999 438 1075; x_wconf 88' lang='lat' dir='ltr'>Julii</span> <span class='ocrx_word' id='word_1_57' title='bbox 466 999 559 1083; x_wconf 90' lang='lat' dir='ltr'>spe</span> <span class='ocrx_word' id='word_1_58' title='bbox 585 1000 679 1064; x_wconf 83' lang='lat' dir='ltr'>sua</span> <span class='ocrx_word' id='word_1_59' title='bbox 726 1000 983 1064; x_wconf 82' lang='lat' dir='ltr'>frustrati</span> <span class='ocrx_word' id='word_1_60' title='bbox 1014 1004 1123 1065; x_wconf 82' lang='lat' dir='ltr'>smt</span> <span class='ocrx_word' id='word_1_61' title='bbox 1151 1055 1167 1081; x_wconf 87' lang='lat'>,</span> <span class='ocrx_word' id='word_1_62' title='bbox 1219 1008 1274 1068; x_wconf 73' lang='lat'>8&lt;</span> <span class='ocrx_word' id='word_1_63' title='bbox 1303 1007 1496 1070; x_wconf 67' lang='lat' dir='ltr'>can‘ti</span> <span class='ocrx_word' id='word_1_64' title='bbox 1547 1008 1672 1078; x_wconf 80' lang='lat' dir='ltr'>sca-</span> 
     </span>
     <span class='ocr_line' id='line_1_10' title="bbox 62 1086 1664 1172; baseline 0.007 -25"><span class='ocrx_word' id='word_1_65' title='bbox 62 1086 188 1170; x_wconf 78' lang='lat' dir='ltr'>phae</span> <span class='ocrx_word' id='word_1_66' title='bbox 239 1087 291 1148; x_wconf 88' lang='lat' dir='ltr'>se</span> <span class='ocrx_word' id='word_1_67' title='bbox 339 1089 765 1154; x_wconf 76' lang='lat' dir='ltr'>committere.</span> <span class='ocrx_word' id='word_1_68' title='bbox 821 1094 1030 1172; x_wconf 89' lang='lat' dir='ltr'>Itaque</span> <span class='ocrx_word' id='word_1_69' title='bbox 1075 1094 1223 1154; x_wconf 77' lang='lat' dir='ltr'>radii</span> <span class='ocrx_word' id='word_1_70' title='bbox 1252 1096 1403 1160; x_wconf 86' lang='lat' dir='ltr'>Solis</span> <span class='ocrx_word' id='word_1_71' title='bbox 1452 1095 1664 1159; x_wconf 70' lang='lat' dir='ltr'>direffi</span> 
     </span>
     <span class='ocr_line' id='line_1_11' title="bbox 61 1174 1665 1268; baseline 0.007 -34"><span class='ocrx_word' id='word_1_72' title='bbox 61 1176 340 1235; x_wconf 86' lang='lat' dir='ltr'>videntur</span> <span class='ocrx_word' id='word_1_73' title='bbox 388 1198 593 1256; x_wconf 83' lang='lat' dir='ltr'>parum</span> <span class='ocrx_word' id='word_1_74' title='bbox 622 1174 777 1257; x_wconf 81' lang='lat' dir='ltr'>posse</span> <span class='ocrx_word' id='word_1_75' title='bbox 803 1224 819 1252; x_wconf 91' lang='lat'>,</span> <span class='ocrx_word' id='word_1_76' title='bbox 871 1178 1050 1238; x_wconf 84' lang='lat' dir='ltr'>etiam</span> <span class='ocrx_word' id='word_1_77' title='bbox 1082 1179 1247 1258; x_wconf 85' lang='lat' dir='ltr'>super</span> <span class='ocrx_word' id='word_1_78' title='bbox 1297 1204 1511 1244; x_wconf 84' lang='lat' dir='ltr'>terram</span> <span class='ocrx_word' id='word_1_79' title='bbox 1543 1185 1665 1268; x_wconf 79' lang='lat' dir='ltr'>pla-</span> 
     </span>
     <span class='ocr_line' id='line_1_12' title="bbox 60 1260 1666 1350; baseline 0.007 -28"><span class='ocrx_word' id='word_1_80' title='bbox 60 1285 252 1348; x_wconf 65' lang='lat' dir='ltr'>namg</span> <span class='ocrx_word' id='word_1_81' title='bbox 304 1285 407 1324; x_wconf 86' lang='lat' dir='ltr'>nec</span> <span class='ocrx_word' id='word_1_82' title='bbox 434 1260 636 1324; x_wconf 84' lang='lat' dir='ltr'>reflexi</span> <span class='ocrx_word' id='word_1_83' title='bbox 668 1263 849 1325; x_wconf 85' lang='lat' dir='ltr'>etiam</span> <span class='ocrx_word' id='word_1_84' title='bbox 878 1313 893 1339; x_wconf 94' lang='lat'>‚</span> <span class='ocrx_word' id='word_1_85' title='bbox 945 1265 1046 1324; x_wconf 67' lang='lat' dir='ltr'>nis-2</span> <span class='ocrx_word' id='word_1_86' title='bbox 1079 1268 1554 1350; x_wconf 75' lang='lat' dir='ltr'>multiplicentur</span> <span class='ocrx_word' id='word_1_87' title='bbox 1604 1277 1666 1334; x_wconf 76' lang='grc' dir='ltr'>δε</span> 
     </span>
     <span class='ocr_line' id='line_1_13' title="bbox 65 1348 1666 1439; baseline 0.004 -28"><span class='ocrx_word' id='word_1_88' title='bbox 65 1349 384 1424; x_wconf 76' lang='lat' dir='ltr'>uniantur,</span> <span class='ocrx_word' id='word_1_89' title='bbox 432 1351 587 1431; x_wconf 85' lang='lat' dir='ltr'>quod</span> <span class='ocrx_word' id='word_1_90' title='bbox 636 1348 744 1422; x_wconf 85' lang='lat' dir='ltr'>fit,</span> <span class='ocrx_word' id='word_1_91' title='bbox 794 1373 927 1410; x_wconf 90' lang='lat' dir='ltr'>cum</span> <span class='ocrx_word' id='word_1_92' title='bbox 957 1353 1054 1409; x_wconf 85' lang='lat' dir='ltr'>Sol</span> <span class='ocrx_word' id='word_1_93' title='bbox 1106 1354 1290 1434; x_wconf 82' lang='lat' dir='ltr'>magis</span> <span class='ocrx_word' id='word_1_94' title='bbox 1346 1361 1541 1439; x_wconf 77' lang='lat' dir='ltr'>vergit</span> <span class='ocrx_word' id='word_1_95' title='bbox 1591 1364 1666 1423; x_wconf 80' lang='lat' dir='ltr'>ad</span> 
     </span>
     <span class='ocr_line' id='line_1_14' title="bbox 63 1435 1659 1526; baseline 0.006 -28"><span class='ocrx_word' id='word_1_96' title='bbox 63 1436 545 1522; x_wconf 79' lang='lat' dir='ltr'>perpendiculum</span> <span class='ocrx_word' id='word_1_97' title='bbox 578 1459 598 1519; x_wconf 76' lang='lat'>3</span> <span class='ocrx_word' id='word_1_98' title='bbox 649 1435 790 1518; x_wconf 87' lang='lat' dir='ltr'>quia</span> <span class='ocrx_word' id='word_1_99' title='bbox 817 1456 942 1496; x_wconf 87' lang='lat' dir='ltr'>turn</span> <span class='ocrx_word' id='word_1_100' title='bbox 994 1436 1320 1501; x_wconf 85' lang='lat' dir='ltr'>incidentia</span> <span class='ocrx_word' id='word_1_101' title='bbox 1346 1445 1659 1526; x_wconf 78' lang='lat' dir='ltr'>gadiorum</span> 
     </span>
     <span class='ocr_line' id='line_1_15' title="bbox 63 1523 1663 1610; baseline 0.005 -22"><span class='ocrx_word' id='word_1_102' title='bbox 63 1527 207 1589; x_wconf 85' lang='lat' dir='ltr'>facit</span> <span class='ocrx_word' id='word_1_103' title='bbox 254 1525 494 1610; x_wconf 84' lang='lat' dir='ltr'>angulos</span> <span class='ocrx_word' id='word_1_104' title='bbox 518 1523 889 1609; x_wconf 80' lang='lat' dir='ltr'>accutiores3</span> <span class='ocrx_word' id='word_1_105' title='bbox 941 1545 1002 1585; x_wconf 90' lang='lat' dir='ltr'>ut</span> <span class='ocrx_word' id='word_1_106' title='bbox 1027 1525 1197 1589; x_wconf 81' lang='lat' dir='ltr'>lineae</span> <span class='ocrx_word' id='word_1_107' title='bbox 1225 1531 1525 1593; x_wconf 83' lang='lat' dir='ltr'>radiorum</span> <span class='ocrx_word' id='word_1_108' title='bbox 1553 1532 1663 1598; x_wconf 76' lang='lat' dir='ltr'>fine</span> 
     </span>
     <span class='ocr_line' id='line_1_16' title="bbox 62 1613 1659 1705; baseline 0.006 -28"><span class='ocrx_word' id='word_1_109' title='bbox 62 1614 248 1698; x_wconf 83' lang='lat' dir='ltr'>mag-is</span> <span class='ocrx_word' id='word_1_110' title='bbox 297 1613 354 1674; x_wconf 89' lang='lat' dir='ltr'>in</span> <span class='ocrx_word' id='word_1_111' title='bbox 383 1613 758 1696; x_wconf 88' lang='lat' dir='ltr'>propinquo:</span> <span class='ocrx_word' id='word_1_112' title='bbox 816 1613 910 1674; x_wconf 87' lang='lat' dir='ltr'>ubi</span> <span class='ocrx_word' id='word_1_113' title='bbox 942 1636 1146 1677; x_wconf 82' lang='lat' dir='ltr'>contra</span> <span class='ocrx_word' id='word_1_114' title='bbox 1198 1617 1255 1678; x_wconf 88' lang='lat' dir='ltr'>in</span> <span class='ocrx_word' id='word_1_115' title='bbox 1302 1622 1530 1705; x_wconf 78' lang='lat' dir='ltr'>magnis</span> <span class='ocrx_word' id='word_1_116' title='bbox 1555 1626 1659 1686; x_wconf 88' lang='lat' dir='ltr'>ob·</span> 
     </span>
     <span class='ocr_line' id='line_1_17' title="bbox 60 1700 1658 1793; baseline 0.007 -29"><span class='ocrx_word' id='word_1_117' title='bbox 60 1702 437 1785; x_wconf 81' lang='lat' dir='ltr'>liquitatibus</span> <span class='ocrx_word' id='word_1_118' title='bbox 460 1700 614 1764; x_wconf 86' lang='lat' dir='ltr'>Solis</span> <span class='ocrx_word' id='word_1_119' title='bbox 639 1751 655 1777; x_wconf 86' lang='lat'>,</span> <span class='ocrx_word' id='word_1_120' title='bbox 707 1701 905 1787; x_wconf 81' lang='lat' dir='ltr'>anguli</span> <span class='ocrx_word' id='word_1_121' title='bbox 937 1701 1064 1763; x_wconf 83' lang='lat' dir='ltr'>sunt</span> <span class='ocrx_word' id='word_1_122' title='bbox 1117 1706 1283 1768; x_wconf 79' lang='lat' dir='ltr'>valde</span> <span class='ocrx_word' id='word_1_123' title='bbox 1307 1709 1497 1771; x_wconf 78' lang='lat' dir='ltr'>obtufi</span> <span class='ocrx_word' id='word_1_124' title='bbox 1524 1763 1546 1793; x_wconf 81' lang='lat'>,</span> <span class='ocrx_word' id='word_1_125' title='bbox 1597 1707 1658 1775; x_wconf 85' lang='lat'>&amp;</span> 
     </span>
     <span class='ocr_line' id='line_1_18' title="bbox 58 1788 1662 1876; baseline 0.008 -26"><span class='ocrx_word' id='word_1_126' title='bbox 58 1791 302 1876; x_wconf 79' lang='lat' dir='ltr'>proinde</span> <span class='ocrx_word' id='word_1_127' title='bbox 328 1788 495 1853; x_wconf 49' lang='lat' dir='ltr'>lin‘eae</span> <span class='ocrx_word' id='word_1_128' title='bbox 542 1791 844 1852; x_wconf 84' lang='lat' dir='ltr'>radiorum</span> <span class='ocrx_word' id='word_1_129' title='bbox 875 1791 1058 1851; x_wconf 86' lang='lat' dir='ltr'>madis</span> <span class='ocrx_word' id='word_1_130' title='bbox 1082 1793 1388 1859; x_wconf 76' lang='lat' dir='ltr'>distantes.</span> <span class='ocrx_word' id='word_1_131' title='bbox 1439 1801 1545 1861; x_wconf 86' lang='lat' dir='ltr'>Sed</span> <span class='ocrx_word' id='word_1_132' title='bbox 1572 1802 1662 1864; x_wconf 76' lang='lat' dir='ltr'>in-</span> 
     </span>
     <span class='ocr_line' id='line_1_19' title="bbox 60 1878 1657 1969; baseline 0.007 -29"><span class='ocrx_word' id='word_1_133' title='bbox 60 1879 233 1941; x_wconf 88' lang='lat' dir='ltr'>terim</span> <span class='ocrx_word' id='word_1_134' title='bbox 286 1879 604 1939; x_wconf 86' lang='lat' dir='ltr'>notandum</span> <span class='ocrx_word' id='word_1_135' title='bbox 636 1878 714 1940; x_wconf 87' lang='lat' dir='ltr'>est</span> <span class='ocrx_word' id='word_1_136' title='bbox 743 1927 759 1954; x_wconf 90' lang='lat'>‚</span> <span class='ocrx_word' id='word_1_137' title='bbox 812 1879 1023 1940; x_wconf 81' lang='lat' dir='ltr'>multas</span> <span class='ocrx_word' id='word_1_138' title='bbox 1047 1881 1156 1943; x_wconf 82' lang='lat' dir='ltr'>effe</span> <span class='ocrx_word' id='word_1_139' title='bbox 1183 1886 1335 1968; x_wconf 73' lang='lat' dir='ltr'>posse</span> <span class='ocrx_word' id='word_1_140' title='bbox 1361 1889 1657 1969; x_wconf 77' lang='lat' dir='ltr'>operatio-</span> 
     </span>
     <span class='ocr_line' id='line_1_20' title="bbox 59 1966 1657 2053; baseline 0.003 -24"><span class='ocrx_word' id='word_1_141' title='bbox 59 1991 163 2032; x_wconf 84' lang='lat' dir='ltr'>nes</span> <span class='ocrx_word' id='word_1_142' title='bbox 212 1967 505 2029; x_wconf 81' lang='lat' dir='ltr'>radiorum</span> <span class='ocrx_word' id='word_1_143' title='bbox 533 1966 685 2027; x_wconf 86' lang='lat' dir='ltr'>Solis</span> <span class='ocrx_word' id='word_1_144' title='bbox 709 2019 730 2048; x_wconf 81' lang='lat'>,</span> <span class='ocrx_word' id='word_1_145' title='bbox 780 1991 954 2053; x_wconf 79' lang='lat' dir='ltr'>atque</span> <span class='ocrx_word' id='word_1_146' title='bbox 980 1968 1156 2032; x_wconf 80' lang='lat' dir='ltr'>etiam</span> <span class='ocrx_word' id='word_1_147' title='bbox 1210 1999 1282 2036; x_wconf 85' lang='lat' dir='ltr'>ex</span> <span class='ocrx_word' id='word_1_148' title='bbox 1309 1998 1514 2038; x_wconf 81' lang='lat' dir='ltr'>natura</span> <span class='ocrx_word' id='word_1_149' title='bbox 1541 1983 1657 2043; x_wconf 72' lang='lat' dir='ltr'>Ca.</span> 
     </span>
     <span class='ocr_line' id='line_1_21' title="bbox 51 2051 1655 2141; baseline 0.004 -25"><span class='ocrx_word' id='word_1_150' title='bbox 51 2055 163 2117; x_wconf 88' lang='lat' dir='ltr'>-lidi</span> <span class='ocrx_word' id='word_1_151' title='bbox 194 2100 211 2132; x_wconf 83' lang='lat'>‚</span> <span class='ocrx_word' id='word_1_152' title='bbox 261 2051 382 2139; x_wconf 58' lang='lat' dir='ltr'>qua}</span> <span class='ocrx_word' id='word_1_153' title='bbox 409 2079 523 2116; x_wconf 87' lang='lat' dir='ltr'>non</span> <span class='ocrx_word' id='word_1_154' title='bbox 550 2055 676 2117; x_wconf 90' lang='lat' dir='ltr'>sunt</span> <span class='ocrx_word' id='word_1_155' title='bbox 705 2059 1158 2141; x_wconf 78' lang='lat' dir='ltr'>proporrionatae</span> <span class='ocrx_word' id='word_1_156' title='bbox 1207 2065 1273 2123; x_wconf 84' lang='lat' dir='ltr'>ad</span> <span class='ocrx_word' id='word_1_157' title='bbox 1302 2064 1524 2125; x_wconf 61' lang='lat' dir='ltr'>tafilum</span> <span class='ocrx_word' id='word_1_158' title='bbox 1551 2092 1655 2128; x_wconf 85' lang='lat' dir='ltr'>no-</span> 
     </span>
     <span class='ocr_line' id='line_1_22' title="bbox 59 2145 1657 2232; baseline 0.009 -26"><span class='ocrx_word' id='word_1_159' title='bbox 59 2146 239 2207; x_wconf 86' lang='lat' dir='ltr'>strum</span> <span class='ocrx_word' id='word_1_160' title='bbox 288 2165 302 2203; x_wconf 92' lang='lat'>:</span> <span class='ocrx_word' id='word_1_161' title='bbox 355 2147 496 2206; x_wconf 86' lang='lat' dir='ltr'>adeo</span> <span class='ocrx_word' id='word_1_162' title='bbox 544 2166 605 2205; x_wconf 85' lang='lat' dir='ltr'>ut</span> <span class='ocrx_word' id='word_1_163' title='bbox 656 2145 918 2230; x_wconf 50' lang='lat' dir='ltr'>respeciu</span> <span class='ocrx_word' id='word_1_164' title='bbox 951 2148 1123 2207; x_wconf 80' lang='lat' dir='ltr'>nostri</span> <span class='ocrx_word' id='word_1_165' title='bbox 1177 2173 1293 2209; x_wconf 83' lang='lat' dir='ltr'>non</span> <span class='ocrx_word' id='word_1_166' title='bbox 1343 2175 1657 2232; x_wconf 76' lang='lat' dir='ltr'>operentur</span> 
     </span>
     <span class='ocr_line' id='line_1_23' title="bbox 61 2233 1652 2321; baseline 0.009 -26"><span class='ocrx_word' id='word_1_167' title='bbox 61 2234 239 2317; x_wconf 87' lang='lat' dir='ltr'>usque</span> <span class='ocrx_word' id='word_1_168' title='bbox 286 2236 354 2295; x_wconf 80' lang='lat' dir='ltr'>ad</span> <span class='ocrx_word' id='word_1_169' title='bbox 401 2233 895 2313; x_wconf 70' lang='lat' dir='ltr'>calefafflzionem‚</span> <span class='ocrx_word' id='word_1_170' title='bbox 945 2235 1038 2296; x_wconf 84' lang='lat' dir='ltr'>sed</span> <span class='ocrx_word' id='word_1_171' title='bbox 1090 2237 1349 2321; x_wconf 64' lang='lat' dir='ltr'>respefflu</span> <span class='ocrx_word' id='word_1_172' title='bbox 1398 2242 1652 2310; x_wconf 82' lang='lat' dir='ltr'>aliorum</span> 
     </span>
     <span class='ocr_line' id='line_1_24' title="bbox 61 2321 1648 2415; baseline 0.005 -31"><span class='ocrx_word' id='word_1_173' title='bbox 61 2321 481 2385; x_wconf 85' lang='lat' dir='ltr'>nonnullorum</span> <span class='ocrx_word' id='word_1_174' title='bbox 534 2346 846 2408; x_wconf 86' lang='lat' dir='ltr'>corporum</span> <span class='ocrx_word' id='word_1_175' title='bbox 894 2345 1265 2409; x_wconf 80' lang='lat' dir='ltr'>exequantur</span> <span class='ocrx_word' id='word_1_176' title='bbox 1312 2352 1492 2415; x_wconf 83' lang='lat' dir='ltr'>opera</span> <span class='ocrx_word' id='word_1_177' title='bbox 1538 2339 1648 2400; x_wconf 80' lang='lat' dir='ltr'>Ca.</span> 
     </span>
    </p>
   </div>
   <div class='ocr_carea' id='block_1_4' title="bbox 64 2407 1648 2856">
    <p class='ocr_par' dir='ltr' id='par_1_4' title="bbox 64 2407 1648 2856">
     <span class='ocr_line' id='line_1_25' title="bbox 64 2407 218 2478; baseline 0.045 -7"><span class='ocrx_word' id='word_1_178' title='bbox 64 2407 172 2474; x_wconf 86' lang='lat' dir='ltr'>lidi</span> <span class='ocrx_word' id='word_1_179' title='bbox 202 2461 218 2478; x_wconf 87' lang='lat'><strong>.</strong></span> 
     </span>
     <span class='ocr_line' id='line_1_26' title="bbox 478 2594 1254 2674; baseline 0.012 -22"><span class='ocrx_word' id='word_1_180' title='bbox 478 2594 587 2653; x_wconf 65' lang='lat' dir='ltr'>,Ad</span> <span class='ocrx_word' id='word_1_181' title='bbox 625 2594 965 2674; x_wconf 84' lang='lat' dir='ltr'>secundum,</span> <span class='ocrx_word' id='word_1_182' title='bbox 1014 2614 1254 2674; x_wconf 81' lang='lat' dir='ltr'>quarta.</span> 
     </span>
     <span class='ocr_line' id='line_1_27' title="bbox 158 2763 1648 2856; baseline 0.01 -33"><span class='ocrx_word' id='word_1_183' title='bbox 158 2763 289 2824; x_wconf 79' lang='lat' dir='ltr'>Fiat</span> <span class='ocrx_word' id='word_1_184' title='bbox 334 2765 660 2847; x_wconf 78' lang='lat' dir='ltr'>hujusmodi</span> <span class='ocrx_word' id='word_1_185' title='bbox 705 2772 1197 2856; x_wconf 80' lang='lat' dir='ltr'>Experimentum</span> <span class='ocrx_word' id='word_1_186' title='bbox 1228 2826 1244 2840; x_wconf 91' lang='lat'><strong>.</strong></span> <span class='ocrx_word' id='word_1_187' title='bbox 1292 2773 1648 2856; x_wconf 73' lang='lat' dir='ltr'>Accipiatur</span> 
     </span>
    </p>
   </div>
   <div class='ocr_carea' id='block_1_5' title="bbox 65 2850 1646 3017">
    <p class='ocr_par' dir='ltr' id='par_1_5' title="bbox 65 2850 1646 3017">
     <span class='ocr_line' id='line_1_28' title="bbox 65 2850 1646 2946; baseline 0.013 -33"><span class='ocrx_word' id='word_1_188' title='bbox 65 2850 359 2937; x_wconf 85' lang='lat' dir='ltr'>speculum</span> <span class='ocrx_word' id='word_1_189' title='bbox 387 2854 739 2936; x_wconf 79' lang='lat' dir='ltr'>fabricatum</span> <span class='ocrx_word' id='word_1_190' title='bbox 769 2911 786 2939; x_wconf 89' lang='lat'>‚</span> <span class='ocrx_word' id='word_1_191' title='bbox 835 2883 1042 2924; x_wconf 86' lang='lat' dir='ltr'>contra</span> <span class='ocrx_word' id='word_1_192' title='bbox 1086 2885 1152 2926; x_wconf 83' lang='lat' dir='ltr'>ac</span> <span class='ocrx_word' id='word_1_193' title='bbox 1203 2861 1267 2925; x_wconf 88' lang='lat' dir='ltr'>fit</span> <span class='ocrx_word' id='word_1_194' title='bbox 1295 2863 1356 2926; x_wconf 83' lang='lat' dir='ltr'>in</span> <span class='ocrx_word' id='word_1_195' title='bbox 1405 2863 1646 2946; x_wconf 80' lang='lat' dir='ltr'>speculis</span> 
     </span>
     <span class='ocr_line' id='line_1_29' title="bbox 868 2955 1561 3017; baseline 0.009 -7"><span class='ocrx_word' id='word_1_196' title='bbox 868 2955 920 3010; x_wconf 87' lang='lat' dir='ltr'><strong>K</strong></span> <span class='ocrx_word' id='word_1_197' title='bbox 1014 2972 1050 3013; x_wconf 89' lang='lat'>2.</span> <span class='ocrx_word' id='word_1_198' title='bbox 1405 2973 1561 3017; x_wconf 86' lang='lat' dir='ltr'>com-</span> 
     </span>
    </p>
   </div>
  </div>
 </body>
</html>
