2131 3573
311 77 678 137 NOVUM
737 76 1316 142 ORGANUM.
1468 98 1590 161 295

0 188 6 200 '
90 210 325 252 morum
353 213 425 252 ex
450 184 693 270 reliquis
720 186 991 249 Motibus
1020 188 1319 251 interdum
1347 190 1532 252 absint
1559 241 1574 268 ‚
1603 191 1694 254 in·

0 267 25 343 Γ,
87 279 325 348 terdum
370 274 600 343 adsmt.
652 278 857 358 Itaque
908 277 1108 361 hunc,
1156 279 1295 360 quia
1341 304 1456 341 non
1507 281 1686 343 inter-

26 397 33 400 >
88 366 334 451 mittit,
381 367 474 429 sed
495 363 721 425 caeteris
770 365 1308 428 intermittentibus
1348 369 1538 431 statim
1589 395 1689 431 oc-

85 455 271 518 currit
299 505 314 532 ,
369 458 715 534 perpetuum
771 457 825 514 ἃ
859 457 1167 539 Proprium
1207 479 1222 492 ·

1204 513 1223 540 ‚
1273 455 1534 541 reliquos
1582 460 1687 521 As-

83 545 311 607 cititios
333 541 519 626 posuit
546 588 560 603 .
615 541 712 602 Est
754 564 946 604 autem
1001 545 1102 606 iste
1130 547 1336 606 Motus
1386 569 1583 606 revera
1610 548 1685 607 sa-

14 660 16 663 *
78 631 467 702 tis-infirmus
495 632 551 690 8<
605 630 780 691 hebes
808 680 827 708 ‚
878 655 1157 717 tanquam
1191 634 1236 695 is
1284 633 1379 715 qui
1436 634 1585 718 (nisi
1617 636 1682 696 sit

81 722 281 785 Moles
302 717 586 801 Corporis
615 720 852 800 major)
881 723 1107 783 caeteris
1137 723 1410 784 Motibus
1436 773 1452 799 ,
1503 748 1680 808 quan-

76 811 175 871 diu
197 829 512 890 operantur
536 857 551 884 ‚
601 811 768 870 cedat
796 811 852 870 &
878 810 1216 872 succumbat
1245 861 1261 876 .
1314 820 1517 895 Atque
1545 837 1679 873 cum

72 898 170 962 hic
213 900 421 961 Motus
470 897 780 960 hominum
828 898 1224 982 cogitationes
1271 899 1353 961 ita
1402 895 1680 983 impleve-

72 986 190 1060 rit,
239 1008 304 1047 ut
348 985 472 1049 fere
521 987 780 1070 reliquos
830 991 1040 1050 Motus
1088 988 1479 1050 occultaverit
1523 1014 1542 1073 3
1594 1013 1678 1050 ta-

70 1097 202 1134 men
253 1098 458 1155 parum
483 1075 562 1135 est
606 1077 762 1156 quod
791 1076 1066 1137 homines
1090 1078 1158 1137 de
1184 1100 1253 1137 eo
1302 1078 1535 1152 sciunt,
1586 1077 1679 1140 sed

63 1163 125 1223 in
180 1161 384 1221 multis
411 1161 568 1222 circa
617 1161 787 1222 illum
816 1163 1108 1224 erroribus
1161 1165 1500 1226 versantur.

156 1251 245 1310 Sit
293 1253 497 1312 Motus
559 1250 805 1311 offlavus
852 1301 873 1332 ,
945 1255 1154 1313 Motus
1217 1256 1678 1338 Congregationis

0 1347 9 1387 f·
66 1339 312 1399 Minoris
334 1366 369 1416 3
417 1362 515 1419 per
559 1361 734 1419 quem
764 1342 965 1404 Partes
990 1343 1393 1422 Homogeneae
1442 1345 1505 1403 in
1529 1348 1678 1405 Cor-

0 1904 7 1932 ·-
0 1786 9 1874 -v-v
0 1620 11 1752 vz—,v—
0 1532 7 1580 ν’
0 1453 7 1506 2—-

62 1449 206 1510 pore
252 1426 450 1509 aliquo
478 1426 738 1507 separant
789 1423 841 1485 se
869 1426 939 1484 ab
968 1428 1400 1510 Heterogeneis
1428 1480 1448 1510 ,
1498 1435 1556 1491 8<
1581 1456 1674 1493 co.

68 1534 207 1576 eunt
257 1514 413 1575 inter
438 1513 596 1597 sese3
648 1535 946 1594 perquem
998 1516 1179 1576 etiam
1207 1520 1479 1600 Corpora
1529 1518 1676 1580 inte-

59 1627 164 1687 gra
215 1627 287 1664 ex
332 1601 717 1663 similitudine
767 1602 1091 1664 substantiae
1131 1604 1184 1664 se
1234 1606 1676 1689 ampleffiuntur

59 1696 116 1754 ὅ(
144 1691 392 1767 fovent,
442 1695 499 1754 &
525 1691 874 1776 quandoque
924 1693 992 1752 ad
1017 1692 1356 1756 distantiam
1409 1695 1705 1780 aliquam·

57 1803 488 1867 congregantur
513 1829 528 1857 ,
579 1780 885 1841 attrahunt
913 1827 929 1855 ‚
956 1782 1011 1840 ὃ(
1039 1784 1519 1847 conveniuntur:
1551 1790 1671 1848 Ve-

54 1870 208 1947 luti,
259 1894 390 1931 cum
442 1868 502 1929 in
530 1869 718 1931 Lafi’te
747 1872 882 1929 Flos
934 1869 1106 1933 lactis
1134 1871 1258 1954 post
1310 1896 1535 1935 moram
1563 1875 1664 1936 ali-

54 1981 233 2042 quam
282 1958 657 2044 supernatat3
706 1958 765 2018 in
816 1957 977 2019 Vino
1004 1964 1193 2022 Faeces
1242 1964 1298 2023 8<
1344 1966 1666 2026 Tartarum

55 2048 392 2113 subsidunt.
445 2050 657 2132 Neque
702 2043 864 2108 enim
916 2048 1035 2112 haec
1084 2049 1232 2111 fiunt
1281 2075 1382 2132 per
1430 2074 1665 2114 morum

55 2136 389 2199 Gravitatis
436 2136 819 2200 &Levitatis
867 2159 1139 2215 tantum,
1191 2161 1252 2200 ut
1294 2136 1426 2202 ‘aliae
1477 2163 1691 2223 partes‘

52 2226 457 2289 summitatem
507 2247 705 2310 petant
750 2280 770 2310 ‚
841 2226 969 2288 aliae
1017 2228 1085 2288 ad
1138 2226 1325 2289 imum
1375 2252 1659 2315 vergant,

0 2335 2 2383 ἑ
52 2313 145 2378 sed
195 2314 390 2381 multo
439 2315 624 2400 magis
674 2339 773 2399 per
824 2315 1189 2378 Defiderium
1241 2320 1659 2403 Homogeneo-

0 2426 1 2429 ’
52 2426 181 2466 rum
232 2406 384 2467 inter
427 2404 480 2467 se
529 2407 819 2480 coeundi,
870 2408 925 2466 3<
974 2405 1028 2466 se
1078 2406 1318 2467 uniendi
1367 2455 1384 2472 .
1438 2408 1662 2470 Differt

0 2506 1 2514 ’
53 2515 246 2555 autem
298 2492 400 2556 iste
449 2515 641 2556 motus
686 2519 716 2555 a
768 2516 931 2556 motu
973 2496 1302 2578 Indigentiae
1348 2545 1369 2572 ,
1417 2497 1480 2558 in⁴
1523 2499 1658 2559 druo-

53 2583 200 2644 bus,
250 2586 431 2661 Une,
480 2585 638 2669 quod
668 2584 723 2644 in
780 2606 940 2644 motu
967 2586 1304 2666 Indigentiae
1344 2585 1409 2646 fit
1461 2585 1656 2647 stim'u-

58 2668 143 2731 Ius
192 2674 380 2755 major
424 2675 666 2736 Naturae
719 2674 986 2757 malignae
1034 2676 1090 2734 δε
1140 2675 1449 2737 contrariae
1502 2699 1514 2736 :
1569 2678 1656 2735 At

54 2757 115 2818 in
166 2759 274 2819 hoc
306 2782 474 2824 motu
525 2762 612 2846 (st
642 2764 816 2825 modo
863 2761 1371 2846 impedimenta&
1420 2762 1659 2825 vincula

23 2844 283 2930 Δειὶῡίὶηῑ)
335 2850 618 2917 uniuntur
663 2875 852 2937 partes
902 2876 1003 2937 per
1045 2853 1404 2917 Amicitiam
1449 2901 1463 2928 ‚
1515 2852 1656 2914 licet

925 2945 986 3004 T
1075 2968 1118 3025 4
1475 2945 1569 3003 ab·
