2098 3490
232 2670 246 2698 Ι

469 210 596 262 110
858 178 1487 251 VERULAMII

376 306 662 370 versalem
710 350 727 380 ‚
773 322 872 365 aut
914 300 1205 384 integram
1252 295 1676 382 proponimus,
1723 291 1936 380 Neque

373 394 536 457 enim
565 393 702 454 huie
728 390 808 452 rei
835 410 1060 472 tempus
1085 386 1266 449 adhuc
1289 386 1469 448 adeffe
1495 384 1743 447 videtur.
1767 385 1934 461 Quin

371 504 481 545 nee
507 481 664 565 spem
689 479 968 541 habemus
995 476 1126 538 vitae
1153 471 1529 558 producendae
1553 516 1570 550 ,
1620 473 1687 535 ad
1711 472 1937 534 sextam

372 568 794 645 Instaurationis
836 585 1061 649 partem
1128 567 1290 646 (quae
1335 561 1724 644 Philosophiae
1771 605 1787 635 ,
1837 576 1938 642 per

372 657 701 740 legitimam
749 657 991 716 Nature
1035 650 1576 733 interpretationem
1622 650 1870 709 inventae
1919 691 1936 722 ‚

372 746 652 807 destinata
678 742 801 823 est)
850 737 1260 803 absolvendam
1289 737 1426 821 3sed
1452 737 1582 798 satis
1611 735 1888 798 habemus
1915 786 1937 816 ,

372 831 498 893 fiin
525 829 747 893 Mediis
789 827 974 890 sobrie
1000 830 1054 888 δε
1096 825 1320 887 utiliter
1364 844 1465 885 nos
1506 845 1769 908 geramus
1796 870 1811 897 ,
1862 845 1940 883 ats-

376 942 493 1002 que
514 917 753 980 interim
779 915 993 977 semina
1019 912 1285 975 veritatis
1311 910 1632 974 sincerioris
1657 910 1716 973 in
1758 912 1939 992 postet·

375 1026 470 1067 ros
513 1005 884 1089 spargamus,
931 1022 1104 1086 atque
1147 998 1339 1063 initiis
1381 1020 1568 1062 rerum
1597 1019 1937 1083 magnarum

378 1114 496 1155 non
537 1091 814 1152 desimus,

460 1180 721 1241 CXVn.
773 1179 973 1255 Atque
1014 1170 1513 1267 quemadmodum
1559 1171 1753 1233 seaae
1786 1175 1942 1233 Con-

372 1265 598 1328 ditores
623 1284 737 1323 non
778 1261 1016 1344 sumus3
1064 1280 1147 1319 ita
1194 1278 1300 1317 nec
1341 1274 1586 1337 operum
1633 1255 1944 1338 particula-

375 1353 529 1415 rium
576 1347 913 1433 Largitores
960 1395 976 1421 ,
1023 1365 1119 1406 aut
1169 1341 1544 1404 Promiss'ores
1588 1391 1604 1408 .
1653 1346 1944 1404 Attamen

374 1439 546 1526 postis
588 1434 800 1517 aliquis
844 1434 958 1493 hoc
1001 1431 1175 1491 modo
1197 1451 1550 1513 occurrere3
1594 1431 1747 1511 quod
1794 1449 1897 1492 nos
1923 1481 1947 1511 ‚

373 1526 476 1612 qui
502 1544 623 1585 tam
667 1522 806 1602 saepe
828 1523 1088 1600 Operum
1129 1516 1488 1603 mentionem
1514 1515 1838 1600 fedatum,
1883 1520 1940 1581 δε

374 1612 578 1677 omnia
624 1627 693 1681 eo
719 1605 1013 1667 trahamus
1039 1628 1067 1685 3
1111 1602 1295 1665 ctiam
1320 1608 1576 1691 Operum
1606 1604 1940 1685 aliquorum

375 1701 623 1786 pignora
646 1691 1029 1755 exhibeamus
1053 1734 1069 1752 .
1118 1692 1342 1751 Verum
1364 1676 1470 1753 ‘via
1493 1690 1685 1752 nostra
1711 1739 1727 1766 ,
1778 1694 1833 1752 ὃς
1864 1714 1944 1752 ra·-

381 1788 469 1849 tio
492 1830 510 1862 ‚
560 1785 664 1865 (ut
691 1780 832 1865 saepe
874 1776 1166 1861 perspicue
1190 1776 1452 1839 diximus
1475 1824 1492 1852 ‚
1542 1781 1600 1839 δε
1627 1777 1693 1839 ad
1724 1777 1836 1840 huc
1862 1777 1944 1839 di.

382 1896 511 1936 cere
548 1872 709 1954 juvat
734 1916 750 1942 ,
798 1865 822 1948 )
871 1889 935 1926 ea
973 1866 1097 1949 est3
1150 1883 1211 1925 ut
1256 1886 1374 1924 non
1401 1868 1595 1947 Opera
1640 1888 1714 1926 ex
1741 1865 1945 1947 Operi-

383 1964 493 2023 bus
517 2009 537 2040 ‚
585 1955 699 2017 sive
721 1954 1140 2036 Experimenta
1187 1975 1260 2011 ex
1292 1951 1739 2034 Experimentis
1764 2003 1784 2034 ,
1832 1956 1943 2032 (ut

381 2044 674 2128 Empirici
715 2043 740 2122 )
789 2041 883 2102 sed
943 2064 1022 2106 ex
1064 2038 1355 2122 Operibus
1400 2041 1458 2098 &
1504 2037 1944 2122 Experimentis

383 2133 598 2198 Causas
624 2132 681 2193 &
709 2128 1036 2190 Axiomata
1062 2175 1079 2201 ,
1128 2146 1299 2208 atque
1338 2147 1412 2187 ex
1436 2125 1634 2187 Caufis
1658 2129 1716 2189 δε
1747 2125 1947 2188 Axio-⁶

385 2222 641 2284 maribus
664 2217 849 2279 rursus
873 2239 1026 2278 nova
1048 2218 1241 2296 Opera
1285 2214 1342 2273 δε
1365 2213 1786 2294 Experimenta
1835 2217 1939 2298 (ut

386 2302 640 2394 legitimi
689 2309 926 2368 Naturae
956 2298 1350 2384 interpretes)
1400 2301 1809 2361 extrahamus.

470 2399 679 2477 ,Atque
726 2391 867 2453 licet
914 2392 972 2452 in
1016 2388 1265 2454 Tabulis
1308 2386 1512 2448 nostris
1560 2385 1943 2462 inveniendi,

390 2486 418 2565 (
442 2505 516 2547 ex
541 2480 750 2564 quibus
779 2489 994 2562 'quarta
1044 2501 1170 2558 pars
1194 2475 1617 2551 Instaurationis
1641 2472 1892 2536 confistit
1916 2476 1939 2556 )

388 2591 562 2655 atque
587 2567 762 2628 etiam
810 2566 1090 2648 exemplis
1137 2560 1617 2649 particularium,
1667 2562 1937 2644 (quasin

391 2656 633 2723 secunda
683 2672 841 2734 parte
869 2651 1244 2730 adducimus)
1293 2671 1460 2731 atque
1487 2647 1799 2731 insuperin
1842 2652 1942 2712 oba

392 2740 818 2810 servationibus
844 2740 1043 2801 nostris
1091 2741 1252 2822 super
1274 2737 1593 2799 Historiam
1618 2785 1635 2812 ,
1688 2737 1942 2819 (quaein

395 2831 569 2895 tertia
596 2850 751 2912 parte
778 2826 986 2910 Operis
1010 2828 1289 2909 descripta
1313 2824 1435 2903 est)
1484 2823 1677 2908 quivis
1701 2822 1794 2884 vel
1821 2847 1939 2885 me-

393 2916 611 3001 diocris
654 2912 1013 3001 perspicaciae
1057 2917 1115 2978 ὃς
1172 2912 1415 2978 solertiae
1460 2959 1478 2991 ,
1543 2910 1935 2995 complurium

1606 3018 1608 3020 ,
1727 3019 1858 3082 ope-
