2131 3573
12 2939 26 2984 '3

9 2985 29 3129 ,ἕ

327 67 698 137 NOV'UM
752 74 1333 147 ORGANUM.
1453 88 1572 169 143

77 214 104 258 1
122 211 178 258 1.
226 185 618 273 Tempestatis
642 185 855 272 aliquae
903 189 1051 255 sudae
1076 215 1177 278 per
1222 193 1409 276 ipsam
1453 196 1668 262 consti·-

157 277 453 343 tutionem
475 273 650 339 Aeris
675 323 692 352 ,
738 299 859 340 non
902 277 1106 345 habita
1146 282 1377 346 ratione
1399 288 1666 373 Tempo.

158 369 319 457 poris
341 363 504 431 Anni
534 409 551 425 ·

76 479 180 528 12.
228 463 355 522 Aer
377 451 683 515 conclusus
728 454 787 516 δε
834 454 1239 525 subterraneus
1284 461 1346 523 in
1372 464 1667 528 Cavernis

163 539 465 613 nonnullis
490 588 509 618 ‚
556 541 876 624 praesertim
924 547 1141 628 hyeme
1165 598 1181 613 .

82 656 182 722 13,
225 627 447 699 omnia
470 629 679 695 villosa
703 683 728 716 ‚
770 653 833 696 ut
856 633 989 699 lana
1015 685 1032 714 ‚
1077 639 1256 725 pelles
1279 639 1627 706 animalium
1649 688 1667 719 ‚

163 730 222 790 8<
245 718 610 808 plumagines
636 770 653 799 ,
698 723 921 787 habent
945 729 1226 792 nonnihil
1269 731 1493 817 teporis
1517 781 1540 797 .

82 833 185 894 14.
207 815 479 896 Corpora
500 810 705 875 omnia
730 861 749 890 ,
794 834 919 876 tam
944 815 1127 882 solida
1153 867 1173 898 ,
1214 841 1396 906 quam
1422 819 1671 904 liquida,

165 903 225 965 δε
269 920 394 963 tam
418 900 589 964 densa
615 950 633 976 ‚
677 926 855 988 quam
881 907 1083 991 tenuja
1109 956 1127 985 ,
1174 909 1415 996 (qualis
1437 911 1518 974 est
1554 908 1675 994 ipse

165 988 340 1075 Aer)
385 990 521 1076 Igni
548 992 618 1053 ad
662 1012 894 1076 tempus
919 997 1343 1082 approximata
1366 1049 1385 1067 .

84 1093 189 1156 15.
235 1079 559 1141 Scientillae
583 1103 659 1142 ex
704 1079 865 1158 filice
906 1087 967 1145 δε
1012 1087 1266 1167 chalybe
1305 1111 1412 1175 per
1453 1088 1675 1152 fortem

166 1166 589 1253 percussionem
617 1212 632 1228 .

85 1256 187 1319 16.
235 1258 435 1317 Omne
459 1256 691 1339 Corpus
736 1253 972 1320 fortiter
1014 1259 1288 1327 attritum
1315 1311 1332 1341 ,
1378 1283 1444 1329 ut
1479 1262 1677 1351 lapiS,

167 1343 400 1429 lignum
428 1391 446 1419 ‚
490 1365 753 1426 pannum,
800 1346 913 1404 ἃς.
960 1347 1108 1407 adeo
1152 1370 1216 1409 ut
1260 1355 1678 1433 temoneS,{&

169 1455 308 1496 axes
352 1448 611 1492 rotarum
660 1476 678 1504 ‚
744 1428 1067 1513 aliquando
1130 1432 1437 1500 flammam
1483 1441 1679 1501 conci.

172 1521 337 1608 piant
359 1542 381 1604 3
406 1521 463 1580 3<
490 1519 632 1580 Mos
654 1517 955 1580 excitandi
981 1520 1151 1605 Ignis
1175 1525 1328 1606 apud
1352 1524 1532 1590 Indos
1568 1530 1686 1590 Oc-

172 1606 495 1671 cidentales
541 1604 724 1670 fuerit
749 1627 851 1690 per
878 1609 1287 1675 Attritionem
1314 1659 1329 1676 .

90 1713 188 1779 17.
237 1697 455 1759 Herbae
481 1694 697 1761 virides
735 1698 795 1760 δε
819 1697 1076 1761 humidae
1123 1698 1291 1766 sunul
1315 1703 1598 1771 conclusae
1622 1708 1684 1769 δε

173 1785 496 1862 contrusae,
542 1806 604 1847 ut
631 1785 798 1847 Rosae
821 1786 1047 1871 ‚lpisae
1072 1786 1133 1852 in
1164 1791 1444 1858 corbibus
1472 1816 1494 1882 3
1537 1796 1684 1857 adeo

171 1897 237 1939 ut
259 1873 487 1937 foenum
514 1921 533 1950 ‚
578 1872 616 1935 fi
641 1871 952 1960 repofiturn
999 1876 1179 1948 fuerit
1205 1883 1504 1950 madidum
1531 1931 1552 1963 ,
1593 1882 1690 1951 sai-,2

174 1987 248 2048 pe
291 1961 590 2047 concipiat
615 1961 919 2026 flammam
946 2011 962 2028 .

95 2055 201 2119 18.
250 2052 409 2116 Galx
432 2051 573 2116 viva
598 2100 618 2130 ‚
661 2074 811 2140 aqua
836 2054 1056 2140 aspersa
1080 2101 1096 2119 .

99 2162 202 2224 19.
253 2145 499 2206 Ferrum
525 2190 543 2220 ‚
587 2164 722 2206 cum
749 2141 949 2227 primo
990 2143 1335 2213 diffokvit'ur
1358 2171 1460 2234 per
1502 2169 1689 2234 aquas
1752 2199 1757 2202 -

182 2229 364 2294 fortes
408 2231 470 2294 in
497 2231 655 2295 vitro
678 2282 701 2315 ‚
744 2231 920 2318 idque
944 2234 1158 2320 absque
1202 2237 1320 2302 ulla
1346 2238 1690 2304 admotione

183 2322 256 2383 ad
280 2317 480 2405 ignem
509 2343 525 2384 τ
573 2323 630 2384 8(
658 2320 924 2393 stannum
953 2322 1222 2390 {imiliter
1245 2375 1264 2406 ‚
1312 2329 1424 2391 &c.
1449 2327 1541 2392 sed
1569 2351 1690 2394 non

186 2409 331 2473 adeo
367 2408 593 2474 intense
619 2458 632 2474 .

103 2516 212 2565 20.
255 2497 611 2579 Animalia,
654 2501 971 2591 praesertirn
997 2505 1057 2566 ἃ
1095 2515 1374 2593 perpetuo
1414 2505 1692 2593 perinte„-

191 2583 400 2674 riora;
446 2587 588 2654 licet
630 2592 691 2656 in
743 2591 979 2657 insefflis
1004 2593 1166 2659 calor
1206 2598 1285 2665 ob
1330 2597 1694 2679 parvitatem

195 2677 460 2759 corporis
499 2702 618 2744 non
642 2683 1109 2770 deprehendatur
1149 2685 1220 2754 ad
1243 2687 1470 2753 taffium
1498 2737 1516 2755 .

111 2778 222 2831 21.
269 2765 475 2830 Fimus
495 2770 782 2857 equinus»,
830 2776 888 2836 8<
934 2773 1264 2862 hujusmodi
1309 2794 1694 2844 excrementa

197 2853 547 2930 animalium
591 2860 887 2951 tecengia.

1332 2951 1604 3048 225015-
