2131 3573
388 115 759 175 NOVUM
803 116 1379 178 ORGANUM.
1500 132 1619 198 135

126 227 340 291 habere
387 223 658 289 nonnihil
707 224 924 308 teporis
976 275 988 286 .
1068 235 1269 313 ltaque
1320 227 1420 289 fiat
1468 230 1718 314 Experia

126 339 396 378 mentum
441 316 504 378 in
555 311 825 396 fibrofis,
875 338 998 399 quae
1045 315 1194 378 fiunt
1245 341 1323 378 ex
1371 317 1549 405 linog
1599 341 1721 382 non

125 428 201 466 ex
252 406 424 487 lana,
470 423 567 464 aut
615 402 874 486 plumiS,
926 424 1022 464 aut
1071 406 1300 480 serim,
1350 430 1475 486 quae
1522 430 1720 471 excer-

125 515 345 556 nuntur
389 492 461 553 ab
507 490 783 552 animatis
833 541 848 555 .
924 496 1272 557 Notandum
1323 494 1398 554 est
1449 496 1626 556 etiam
1695 549 1719 579 ‚

124 605 328 644 omnes
376 579 641 662 pulveres
693 602 708 663 (
740 579 841 641 uhi
876 582 1185 645 manifesto
1212 583 1535 645 includitur
1573 588 1719 665 fier)

127 668 448 732 minusveffe
501 667 788 753 frigidos,
839 692 1016 752 quam
1066 696 1310 755 corpora
1361 673 1583 756 integra
1633 673 1722 756 ip-

122 760 308 820 sorum
369 781 384 819 :
456 759 958 842 quemadmodum
1010 759 1191 822 etiam
1244 761 1653 824 existimamus
1700 809 1721 836 ,

121 868 358 909 omnem
411 846 674 929 spumam
725 851 978 932 (utpote
1006 872 1133 932 quae
1159 875 1354 912 aerem
1386 848 1722 932 contineat)

124 935 314 999 minus
339 935 449 999 effe
496 934 775 1023 frigidam
805 986 820 1014 ‚
869 960 1045 1021 quam
1074 938 1371 1026 liquorem
1422 941 1612 1025 ipsum
1641 990 1658 1006 .

337 1115 448 1175 Ad
490 1114 757 1177 decimam
802 1132 1063 1197 quartam
1118 1164 1137 1193 ‚
1184 1119 1491 1193 vicesima.

206 1286 371 1351 Huic
399 1310 515 1349 non
567 1288 937 1374 subiungitur
960 1295 1255 1375 Negativa
1281 1345 1297 1359 .
1350 1294 1529 1357 Nihil
1556 1293 1717 1355 enim

117 1376 408 1462 reperitur
454 1377 601 1458 apud
627 1400 733 1437 nos
779 1379 892 1438 five
919 1380 1242 1461 Tangibile
1268 1426 1284 1453 ,
1337 1381 1449 1441 five
1476 1381 1722 1463 Spirita-

120 1466 177 1526 le
204 1514 220 1542 ‚
268 1465 424 1548 quod
450 1464 756 1524 admotum
807 1465 930 1549 igni
963 1489 1077 1526 non
1131 1465 1393 1550 excipiat
1423 1469 1675 1529 calorem
1705 1518 1718 1531 .

122 1558 193 1613 ln
242 1576 311 1614 eo
341 1573 533 1613 tamen
561 1550 848 1614 differunt
878 1605 898 1636 ,
946 1556 1102 1636 quod
1134 1555 1246 1616 alia
1296 1555 1598 1638 excipiant
1631 1582 1721 1617 ca-

119 1640 305 1702 lorem
356 1638 532 1701 citius
556 1689 572 1715 ‚
623 1663 681 1701 ut
709 1642 837 1703 Aer
865 1690 880 1718 ,
932 1644 1146 1703 Oleum
1177 1693 1192 1720 ,
1244 1646 1298 1704 8<
1329 1652 1504 1729 Aqua
1534 1674 1554 1730 3
1605 1647 1719 1706 alia

117 1729 338 1791 tardius
361 1776 380 1805 ‚
428 1750 490 1790 ut
515 1728 700 1812 Lapis
749 1732 802 1790 8<
832 1732 1082 1792 Metalla
1107 1779 1120 1793 .
1174 1736 1399 1796 Verum
1429 1734 1541 1797 hoc
1589 1758 1722 1820 per·

117 1816 270 1881 tinet
317 1817 389 1880 ad
413 1821 692 1879 Tabulam
716 1822 1008 1880 Graduum
1037 1866 1053 1883 .

229 2084 340 2144 Ad
382 2085 651 2145 decimam
697 2084 953 2168 quintam
1002 2096 1019 2164 5
1066 2088 1329 2162 vicesima
1375 2089 1563 2174 prima
1591 2141 1609 2156 .

209 2259 378 2324 Huic
427 2263 722 2326 Instantiae
796 2287 912 2329 non
986 2265 1356 2352 subiungitur
1422 2269 1719 2353 Negativa

122 2347 240 2412 alia
286 2399 303 2427 ,
355 2373 529 2435 quam
578 2374 641 2414 ut
691 2355 838 2417 bene
888 2376 1128 2418 notetur
1178 2379 1198 2442 3
1271 2359 1411 2418 Non
1464 2357 1716 2419 excitari

123 2438 407 2501 scintillas
455 2464 528 2503 ex
558 2439 712 2504 filice
761 2446 818 2505 8<
870 2442 1167 2528 chalybe,
1217 2467 1313 2506 aut
1364 2446 1474 2507 alia
1526 2444 1721 2531 aliqua

123 2525 433 2591 substantia
480 2530 670 2607 dura,
722 2531 826 2593 nifi
876 2532 973 2593 ubi
1026 2533 1406 2608 excutiuntur
1454 2534 1721 2596 mizmtiae

127 2611 336 2697 aliquae
384 2642 456 2680 ex
483 2619 600 2702 ipsa
651 2620 960 2683 substantia
987 2622 1231 2707 Lapidis
1280 2625 1378 2686 vel
1407 2622 1644 2687 Metalli
1698 2648 1714 2687 ε

126 2724 314 2784 neque
342 2710 559 2768 Aerem
609 2710 880 2771 attritum
909 2735 1161 2794 unquam
1213 2713 1390 2797 perse
1439 2734 1717 2797 generare

125 2788 459 2877 scintillas,
505 2818 566 2856 ut
590 2797 771 2883 vulgo
819 2821 1062 2883 putant:
1115 2804 1281 2876 Quin
1335 2805 1391 2864 8<
1444 2799 1717 2884 ipsaeillae

125 2877 399 2945 scintillae
448 2907 522 2947 ex
548 2888 802 2970 pondere
854 2890 1316 2978 corporisigniti
1367 2888 1551 2973 magis
1578 2911 1705 2953 vet·-

1467 2997 1617 3066 gunt
