2131 3573
337 127 701 190 NOVUM
759 126 1330 188 ORGANUM.
1448 147 1570 198 211

70 246 135 309 νδ(
180 244 243 306 in
289 246 459 306 rebus
498 260 621 304 tam
663 236 869 314 serii3‚
919 237 1119 322 quales
1165 263 1319 303 nunc
1365 242 1599 326 agimus
1639 287 1662 324 -‚

78 333 183 396 vix
212 327 603 406 nominandi)
653 323 873 412 uquue
898 328 1189 392 ostentant
1209 353 1244 407 ;
1291 353 1502 416 magna
1529 357 1666 398 cum

77 421 341 483 vanitate
384 422 442 482 &
484 413 825 500 defipientia
874 416 1074 481 inanes
1119 417 1560 484 Similitudines
1607 428 1669 487 δε

74 507 450 595 sympathias
493 525 690 568 rerum
739 505 1133 572 describentes
1178 556 1196 586 ‚
1259 527 1435 594 atque
1478 514 1665 576 etiam

71 600 421 682 quandoque
468 593 817 679 affingentes
844 646 860 661 .

166 691 383 749 Verum
410 681 501 745 his
551 682 778 766 missa,
831 683 1013 747 etiarn
1041 685 1104 748 in
1158 684 1279 768 ipsa
1303 685 1662 772 configura-

66 774 234 837 tione
257 771 471 835 Mundi
522 769 582 832 in
611 772 950 855 Majoribus
976 818 995 851 ,
1042 798 1161 836 non
1187 775 1317 836 sunt
1364 777 1664 862 negligen-

65 866 151 926 dae
172 861 443 937 instantiae
463 861 827 939 Conformes:
873 862 1059 925 veluti
1088 861 1302 926 Africa
1351 869 1410 927 &
1460 866 1658 953 Regio

67 950 390 1013 Peruviana
415 999 431 1027 ,
482 973 617 1014 cum
644 949 1011 1015 Continente
1037 953 1091 1015 se
1119 953 1456 1040 porrigente
1479 955 1662 1040 usque

61 1041 131 1102 ad
157 1043 392 1100 Fretum
422 1039 888 1123 Magellanicutn
917 1088 930 1103 .
982 1045 1251 1126 Utraque
1275 1043 1436 1106 enim
1465 1044 1659 1129 Regio

57 1128 234 1190 habet
283 1126 496 1189 ssmiles
523 1128 770 1189 Isthmos
795 1176 810 1203 ‚
861 1130 920 1190 δε
967 1127 1180 1191 similia
1211 1133 1658 1213 Promontoria,

56 1217 213 1300 quod
260 1238 376 1276 non
403 1236 628 1277 temere
671 1215 887 1278 accidit
913 1265 930 1282 .

147 1310 297 1364 Item
327 1306 538 1366 Novus
563 1305 621 1364 ὃ(
648 1307 834 1365 Vetus
857 1302 1039 1364 Orbis
1060 1330 1097 1380 ;
1144 1303 1203 1366 in
1230 1330 1301 1368 eo
1324 1308 1481 1392 quod
1505 1309 1654 1373 utri-

54 1415 170 1477 que
217 1392 407 1454 Orbes
457 1390 650 1452 versus
694 1389 1143 1470 Septentri0ncs
1188 1393 1295 1453 lati
1344 1396 1474 1456 sunt
1522 1446 1539 1470 ‚
1590 1401 1653 1460 δε

53 1478 385 1563 exporreE’ti
413 1503 450 1557 ;
495 1477 691 1538 versus
735 1476 1018 1539 Austrum
1070 1497 1270 1541 autem
1316 1482 1541 1568 angusti
1593 1488 1655 1546 δε

52 1566 375 1631 acuminati
402 1617 419 1633 .

142 1661 297 1719 Item
343 1653 618 1729 instantiae
660 1655 973 1732 Conformes
1017 1654 1391 1722 nobiliffimae
1450 1659 1580 1726 sunt
1628 1710 1650 1742 ,

51 1742 300 1828 Frigora
348 1742 573 1806 intensa
599 1745 661 1806 in
712 1744 905 1807 media
934 1746 1158 1828 (quam
1208 1751 1474 1831 vocant)
1529 1755 1648 1816 Ac..

48 1832 128 1896 tis
154 1832 422 1918 Regione
447 1861 483 1913 ,·
537 1835 595 1893 8<
625 1838 795 1917 ignes
820 1832 1091 1895 acerrimi
1123 1884 1139 1911 ‚
1187 1836 1286 1920 qui
1313 1837 1455 1915 saepe
1487 1861 1649 1923 repe.

46 1921 276 1985 riuntur
324 1942 691 2002 erumpentes
718 1944 792 1984 ex
837 1921 986 1983 locis
1026 1922 1408 1989 subterraneis
1434 1954 1470 2007 ,·
1516 1952 1645 2013 quae

43 2011 175 2072 duae
202 2033 290 2072 res
337 2011 464 2072 sunt
489 2009 868 2072 Ultimitates
913 2014 971 2072 δε
999 2015 1284 2075 Extrema
1307 2043 1344 2093 ‚-
1393 2020 1642 2083 Naturae

0 2147 2 2158 .
45 2098 273 2159 scilicet
300 2099 571 2184 frigidi,
621 2099 817 2160 versus
845 2100 1166 2164 Ambitum
1196 2103 1399 2182 Coeli,
1426 2107 1485 2166 δ(
1516 2109 1641 2169 Na-

0 2191 3 2248 ἰ
46 2209 185 2248 turae
209 2186 410 2250 Calidi
457 2187 650 2250 versus
673 2186 892 2250 viscera
915 2191 1119 2252 Terrae
1140 2240 1154 2267 ,
1204 2214 1303 2274 per
1327 2192 1643 2279 Antipcri.

41 2273 204 2337 ssafin
233 2326 254 2357 ,
303 2273 417 2338 five
445 2276 858 2362 chess‘tionem
886 2281 1130 2341 Naturae
1156 2280 1486 2345 contrariae
1513 2330 1526 2344 .

0 2380 4 2459 Ι
134 2364 432 2428 Postremo
456 2388 649 2428 autem
678 2366 736 2428 in
767 2366 1196 2431 Axiomatibus
1215 2370 1634 2450 Scientiarum,

0 2478 3 2509 ι
42 2471 250 2515 notatu
273 2453 450 2540 digna
496 2455 576 2517 est
612 2456 982 2534 Conformitas
1029 2459 1419 2530 instantiarum
1443 2507 1460 2523 .
1511 2466 1634 2523 Vc·

0 2590 5 2634 i
43 2539 151 2601 luti
179 2544 416 2626 Tropus
443 2544 782 2608 Rhetoricae
809 2595 824 2622 ,
873 2544 976 2630 qui
1021 2545 1241 2609 dicitur
1261 2553 1465 2612 Praeter
1507 2557 1629 2613 Ex-

0 2639 8 2753 Ὲ
35 2628 315 2711 pestutum
341 2680 357 2707 ,
406 2632 726 2696 conformis
752 2636 828 2697 est
855 2638 1060 2715 Tropo
1086 2633 1324 2700 Mufieae
1353 2688 1369 2716 ‚
1394 2639 1495 2722 qni
1523 2662 1629 2701 vo-

0 2754 8 2779 .
42 2737 205 2778 catur
248 2722 566 2783 Declinatio
607 2725 930 2790 Cadentiae.
980 2724 1312 2804 Similiter,
1366 2728 1623 2790 Postula-

0 2789 8 2886 }
41 2825 165 2866 tum
195 2807 696 2874 mathematicum
727 2862 744 2889 ,
793 2834 854 2876 ut
881 2836 994 2896 que
1036 2814 1207 2877 eidem
1232 2816 1420 2877 Tertio
1447 2839 1625 2897 aequa-

0 2892 119 2956 'lia
153 2896 330 2977 firm,
376 2898 543 2963 etiam
567 2900 709 2981 inter
744 2905 802 2985 se
836 2905 968 2985 sunt
991 2905 1227 2984 aequalia
1254 2952 1273 2983 ‚
1313 2903 1621 2967 conforme

999 2995 1056 3052 O
1150 3015 1184 3057 2.
1453 2992 1533 3054 est
