2131 3573
350 87 691 152 Naturalem
718 134 735 162 ‚
782 87 856 148 Φ·
878 87 1387 174 Experimentalem
1413 135 1428 149 .
1529 108 1656 172 357

115 202 197 273 tit
238 224 330 267 res
376 203 462 268 sui
509 202 799 289 temporis
849 254 865 278 ‚
935 228 1008 268 an
1057 205 1343 267 vetustior
1391 230 1412 290 3
1464 203 1740 289 insuper,

87 315 316 357 utrum
367 293 435 357 s1t
466 293 583 360 tale
629 294 983 380 quippiam,
1031 297 1196 379 cujus
1224 295 1445 358 necesse
1496 294 1742 356 foretut

113 383 299 449 multi
348 383 535 450 effent
573 385 787 462 testes,
839 384 876 446 st
921 408 1126 448 verum
1179 385 1328 446 foret
1363 410 1377 422 ·
1359 386 1741 472 Udenique

112 495 313 540 utrum
361 475 607 540 Author
657 474 755 537 ille
802 474 984 539 fuerit
1034 475 1392 561 vaniloquus
1442 478 1496 537 δε
1545 475 1742 549 levis,

110 589 188 629 an
232 565 462 631 sobrius
506 567 566 628 8<
613 565 893 654 severus·
945 570 1001 629 &
1032 566 1290 644 fimilia,
1338 589 1466 651 quae
1513 564 1744 628 faciunt

110 657 186 720 ad
234 655 458 742 pondus
484 655 697 724 Fidei.
754 659 949 722 Postre
927 681 1058 719 -mo
1083 681 1172 721 res
1199 661 1513 721 Damnatae
1563 653 1748 730 fidei,

111 748 173 809 δε
221 767 424 810 tamen
476 747 719 826 jactatas
765 751 822 812 &
873 747 1255 823 celebratas,
1303 746 1506 833 quales
1553 794 1571 822 ,
1621 767 1753 828 par·-

113 836 230 899 tim
273 836 553 922 neglectu
603 887 624 916 ,
671 839 894 921 partim
940 859 1184 921 propter
1234 838 1398 899 usum
1446 835 1758 897 similitu--

110 926 321 989 diuum
369 975 385 1003 ,
457 949 561 1013 per
607 929 793 990 multa
868 929 985 1008 jam
1037 926 1240 990 saecula
1294 926 1676 986 invaluerunt
1728 972 1759 998 „

113 1017 374 1099 (veluti
443 1065 466 1091 ‚
529 1018 691 1098 quod
762 1018 1030 1077 Adamas
1100 1016 1247 1099 liget
1318 1018 1681 1098 Magnetem
1733 1060 1752 1087 ,

112 1103 355 1168 Allium
405 1124 698 1188 enervet3
747 1102 1060 1167 Electrum
1106 1102 1314 1167 omnia
1363 1109 1560 1164 trahat
1606 1125 1751 1186 prae-

115 1215 209 1256 ter
254 1196 620 1281 Ocymum;
667 1196 727 1256 δ(
754 1192 870 1255 alia
919 1193 1106 1256 multa
1134 1193 1467 1276 hujusmodi
1500 1195 1521 1274 )
1572 1216 1753 1274 opor-

115 1283 270 1347 tebit
297 1305 416 1347 non
467 1281 701 1347 silentio
747 1284 1034 1365 rejicere,
1087 1283 1179 1347 sed
1220 1283 1419 1346 verbis
1469 1281 1750 1367 expressis

113 1372 486 1460 proscribere
531 1419 553 1451 ‚
601 1397 675 1436 ne
718 1372 825 1435 illa
873 1374 1129 1458 amplius
1177 1374 1459 1437 Scientiis
1510 1372 1755 1436 molesta

117 1464 267 1531 fint.

212 1560 503 1619 Praeterea
531 1576 651 1617 non
678 1553 778 1616 abs
803 1574 863 1614 re
888 1551 1071 1614 fuerit
1100 1600 1116 1629 ,
1171 1551 1207 1614 (i
1234 1550 1388 1614 forte
1412 1551 1609 1638 Origo
1635 1557 1758 1613 Va-

116 1645 327 1710 nitatis
373 1666 473 1708 aut
498 1641 892 1709 Credulitatis
941 1643 1190 1725 alicujus
1214 1664 1485 1703 occurrat
1517 1690 1535 1718 ,
1587 1641 1755 1703 illam

116 1758 327 1801 notare
377 1760 393 1800 ε
448 1735 681 1813 veluti,
729 1734 890 1820 quod
935 1733 1130 1795 herbae
1178 1733 1419 1814 Satyrio
1469 1732 1763 1794 attributa

117 1828 189 1891 fit
239 1825 335 1888 vis
379 1826 451 1888 ad
500 1822 885 1888 excitandam
935 1828 1237 1887 Venerem
1284 1874 1301 1900 ‚
1364 1821 1508 1907 quia
1558 1820 1761 1885 Radix

121 1915 353 1986 scilicet
402 1915 464 1977 in
514 1913 767 2002 figuram
819 1913 1231 1978 testiculorum
1276 1912 1593 1984 efformata
1644 1910 1757 1974 sit:

118 2011 280 2072 Cum
308 2028 514 2069 revera
563 2007 678 2070 hoc
702 2000 854 2089 fiat,
903 2005 1043 2090 quia
1069 2004 1406 2069 adnascitur
1454 2003 1626 2066 annis
1651 2001 1763 2067 fin-

120 2097 281 2186 gulis
327 2119 485 2160 nova
512 2095 689 2161 radix
713 2095 1007 2184 bu1b01'32
1057 2096 1390 2159 adhaerente
1419 2094 1616 2156 radice
1662 2116 1762 2155 an·

120 2211 185 2252 m
235 2186 502 2276 prioris3
549 2187 702 2251 unde
729 2185 980 2267 Didymi
1032 2186 1169 2254 illi.
1222 2183 1611 2249 Manifestum
1660 2208 1761 2246 au-

120 2300 247 2342 tem
296 2276 413 2342 hoc
441 2277 566 2358 est,
613 2280 770 2364 quod
796 2302 953 2341 nova
980 2275 1182 2341 Radix
1232 2277 1459 2361 semper
1483 2294 1760 2338 inventa

119 2391 220 2434 tur
266 2367 947 2444 solida&succulenta,
990 2391 1162 2431 vetus
1185 2366 1481 2431 emarcida
1508 2365 1564 2427 8<
1593 2364 1761 2448 spon-

122 2458 333 2546 giosa.
382 2461 589 2540 Quare
614 2459 703 2522 nil
752 2459 975 2522 mirum
1005 2508 1023 2535 ,
1075 2457 1320 2522 fialtera
1370 2454 1756 2540 mergaturin

123 2571 327 2634 aqua,
372 2550 561 2614 altera
586 2571 753 2613 natet
808 2574 822 2613 ε
874 2550 1058 2630 Quod
1108 2571 1307 2613 tamen
1359 2569 1550 2634 prore
1599 2543 1754 2606 mira

125 2639 422 2717 habetur,
468 2639 803 2726 &reliquis
848 2642 973 2724 ejus
1000 2641 1221 2705 Herbae
1271 2634 1602 2702 virtutibus
1648 2657 1752 2698 au·

128 2728 482 2796 thoritatem
529 2730 801 2798 addidit.

215 2819 325 2884 tx.
349 2821 671 2908 Supersunt
695 2820 1133 2887 Additamenta
1178 2820 1447 2909 quaedam
1467 2813 1752 2882 Historiae

126 2908 441 2976 Naturalis
485 2911 700 2992 utilia,
748 2935 995 3000 quaeque
1038 2936 1169 2977 eam
1222 2934 1409 2999 magis
1433 2907 1750 2974 commode

1027 3006 1078 3066 Z
1170 3026 1207 3089 3
1572 2998 1660 3058 in·
