2131 3573
301 108 1273 170 NOV-UMORGANUM.
1408 131 1532 193 279

6 246 9 252 ·
57 223 137 285 lia
184 220 400 305 (quale
444 221 520 281 est
547 218 764 300 Aqua)
817 218 1022 278 multo
1039 219 1280 302 aegrius,
1331 225 1385 282 8<
1413 224 1480 284 ad
1509 224 1619 287 mi-

6 344 9 347 ·
60 333 163 372 nus
213 310 454 392 spatium
499 305 797 391 patiuntur
843 309 1407 390 Comptefllonem.
1458 316 1621 391 Qua

6 419 10 421 *
57 400 174 461 lem
201 421 394 460 autem
441 394 689 478 patiatur
715 440 732 469 ‚
779 393 879 456 tali
909 395 1334 479 Experimento
1382 399 1621 484 inquisi-

61 486 298 551 vimus,

147 573 298 635 Fieri
347 568 588 631 fecimus
612 567 870 630 Globum
922 595 994 633 ex
1041 571 1284 656 plumbo
1321 577 1551 635 Cavum
1606 625 1621 649 ,

56 661 162 746 qui
203 662 335 722 duas
379 656 614 717 circiter
665 657 857 740 pintas
906 660 1162 722 vinarias
1211 661 1539 722 contineret
1590 688 1626 739 ,-

59 769 303 831 eumque
346 743 479 805 satis
505 768 605 828 per
654 746 834 807 latera
883 747 1126 808 craffum
1157 797 1172 823 ‚
1224 771 1284 810 ut
1337 752 1620 830 majorem

56 840 180 898 vim
227 830 559 897 sustineret.
613 834 873 895 {nillum
920 841 1153 919 Aquam
1207 836 1554 898 immifirnus
1606 886 1621 912 ‚

60 947 158 1007 per
197 920 455 982 foramen
483 883 698 982 alicubi
743 921 962 984 fafi’cum
994 946 1016 1009 3
1064 946 1243 1005 atque
1269 924 1534 985 foramen
1562 924 1623 985 il-

56 1012 194 1085 lud,
243 1010 541 1093 postquam
566 1009 794 1072 Globus
821 1016 997 1094 Aqua
1047 1012 1320 1094 impletus
1370 1012 1560 1074 fnisset
1609 1062 1626 1088 ,

0 1095 1 1121 ³
57 1099 299 1181 plumbo
324 1096 642 1177 liquefacto
684 1100 1134 1170 obturavimus,
1182 1122 1242 1159 ut
1268 1102 1495 1160 Globus
1533 1103 1627 1159 de-

59 1183 282 1245 veniret
311 1183 477 1263 plane
527 1182 956 1247 consolidatus,
1002 1184 1157 1244 Dein
1202 1187 1463 1247 Globurn
1517 1186 1629 1246 for-

59 1273 106 1333 ti
162 1270 386 1332 Malleo
431 1271 499 1330 ad
545 1272 658 1331 duo
701 1270 882 1330 latera
930 1270 1164 1333 adversa
1230 1275 1628 1356 complanavi·

63 1381 191 1421 mus
237 1381 258 1441 3
328 1362 420 1418 Ex
462 1380 580 1438 quo
623 1357 841 1416 neceffe
886 1357 998 1417 fuit
1043 1363 1285 1440 Aquam
1332 1361 1393 1421 in
1441 1362 1633 1423 minus

65 1444 374 1518 contrahi,
422 1466 553 1502 cum
579 1442 809 1524 Sphaera
837 1442 1179 1525 Figurarum
1227 1445 1292 1505 fit
1339 1448 1632 1528 capaciffi-

65 1557 197 1594 ma.
252 1531 520 1610 Deinde,
569 1552 701 1589 cum
730 1530 1043 1590 Malleatio
1087 1554 1205 1592 non
1231 1533 1479 1616 amplius
1523 1535 1633 1596 suf·

19 1688 21 1690 ,
66 1621 302 1692 ficeret,
352 1615 553 1700 aegrius
597 1617 650 1678 se
698 1616 1016 1699 recipiente
1062 1623 1283 1702 Aqua,
1334 1621 1636 1685 Molendi-

64 1731 140 1768 no
186 1708 278 1768 seu
302 1704 612 1766 Torculari
665 1704 742 1765 us1
791 1704 1028 1787 sumus3
1077 1727 1137 1767 ut
1185 1671 1427 1770 taxidem
1457 1716 1633 1793 Aqua

64 1794 376 1878 impatiens
403 1793 677 1854 Prefl'urae
702 1792 1039 1869 ulterioriS,
1089 1817 1187 1874 per
1211 1795 1387 1858 solida
1441 1797 1629 1881 plum-

64 1883 118 1944 bi
174 1882 398 1963 (instar
425 1880 599 1941 Roris
642 1880 926 1960 delicati)
976 1881 1290 1944 exstillaret
1317 1932 1331 1945 .
1375 1886 1584 1961 'Postea
1597 1933 1629 1983 .’

66 1990 350 2053 quantum
399 1968 564 2050 spatii
595 1991 696 2051 per
742 1991 867 2028 eam
893 1970 1455 2054 Compreffionem
1439 1973 1636 2035 immi

66 2079 275 2118 nutum
323 2055 511 2131 foret,
559 2077 1030 2136 computav1mus
1077 2083 1090 2119 :
1167 2063 1366 2144 Atque
1410 2082 1635 2122 tantam

66 2141 571 2228 Compreffionem
619 2143 829 2226 paffam
880 2144 987 2204 effe
1036 2149 1272 2228 Aquam
1324 2148 1465 2230 (sed
1516 2149 1640 2209 vio·
1675 2162 1706 2193 Φ

65 2231 249 2295 lentia
300 2255 506 2316 magna
550 2232 779 2294 suba&
755 2231 893 2312 m)
941 2232 1397 2301 intelleximus,

155 2325 243 2382 At
271 2320 557 2381 Solidiora
584 2371 602 2401 ‚
652 2321 816 2380 Sicca
843 2369 861 2394 ,
907 2341 1006 2382 aut
1057 2321 1238 2404 magis
1264 2324 1592 2405 Compaffla
1623 2373 1639 2399 ,

69 2407 264 2491 qualia
302 2407 428 2468 sunt
454 2409 707 2491 Lapides
752 2408 1024 2492 &Ligna
1050 2457 1065 2482 ,
1115 2432 1337 2471 necnon
1366 2413 1640 2485 Metalla,

77 2495 264 2555 multo
287 2496 470 2557 adhuc
515 2497 798 2557 minorem
846 2496 1353 2579 Compreffionem
1400 2522 1494 2561 aut
1530 2504 1641 2560 Ex·

75 2581 395 2644 tensionem
441 2632 456 2658 ,
507 2588 559 2645 8<
611 2583 731 2644 fere
778 2585 1306 2666 impercepeibilem
1375 2586 1569 2650 ferunt
1619 2609 1641 2670 3

7 2716 11 2717 ff
77 2669 172 2730 sed
217 2670 306 2731 vel
338 2671 687 2747 Ρτειᾶἰοηε,
739 2672 828 2732 vel
879 2671 1278 2755 Progreffione
1307 2724 1321 2750 ,
1370 2675 1464 2736 vel
1511 2673 1641 2733 aliis
1803 2671 1864 2759 )
1899 2737 1936 2773 ⁶

81 2758 621 2821 Pertentationibus
647 2761 698 2821 se
747 2760 998 2820 liberant
1023 2810 1038 2835 ,
1087 2782 1147 2823 ut
1173 2763 1233 2823 in
1259 2759 1642 2824 Curvationi-
1780 2791 1804 2837 μ

85 2844 188 2907 bus
213 2844 397 2928 Ligni
449 2868 543 2910 aut
572 2848 800 2910 Metalli
832 2897 846 2923 ‚
897 2849 1245 2934 Horologiis
1274 2849 1645 2911 rnoventibnz

1035 2941 1070 2996 S
1158 2963 1202 3019 4
1465 2959 1564 3021 per
